
@article{Prasad95,
    author    = { Ajay K. Prasad and Kirk Jensen},
    title     = {Scheimpflug stereocamera for particle image velocimetry in liquid flows},
    journal   = {Applied Optics},
    volume   = {34},
    number   = {30},
    pages    = {7092-7099},
    year      = {1995},
    month    = {Oct}
    %note     = "",
}


@book{Hartley:2003:MVG,
 author = {Hartley, Richard and Zisserman, Andrew},
 title = {Multiple View Geometry in Computer Vision},
 year = {2003},
 isbn = {0521540518},
 edition = {2},
 publisher = {Cambridge University Press},
 address = {New York, NY, USA},
} 

@book{Merklinger,
    abstract = {{Focusing the view cameras.}},
    author = {Merklinger},
    citeulike-article-id = {352536},
    howpublished = {Paperback},
    isbn = {0521540518},
    keywords = {geometry, vision, scheimpflug},
    month = jul,
    posted-at = {2010-06-30 10:40:52},
    title = {{Focusing the view camera}},
    url = {http://www.trenholm.org/hmmerk/},
    year = {2010}
}


@article{Douglas,
    author    = "Douglas A. Kerr, P.E. ",
    title     = "The Scheimpflug Principles",
    journal   = "issue 2 ",
    %volume   = "",
    %number   = "",
    %pages    = "",
    year      = "2006",
    month    = "July",
    %note     = "",
}

@article{HaroldM,
    author    = "Harold M. Merklinger ",
    title     = "View Camera Focus and Depth of Field",
    journal   = "VIEW CAMERA magazine ",
    %volume   = "",
    %number   = "",
    pages    = "55-57",
    year      = "1996",
    month    = "July-October",
    %note     = "",
}


@ARTICLE{Salvi:2000,
    author = {X. Armangu√© and J. Salvi and J. Batlle},
    title = {A Comparative Review Of Camera Calibrating Methods with Accuracy Evaluation},
    journal = {Pattern Recognition},
    year = {2000},
    volume = {35},
    pages = {1617--1635}
}


@article{Hall:1982,
 author = {Hall, E. L. and Tio, J. B. K. and McPherson, C. A. and Sadjadi, F. A.},
 title = {Measuring Curved Surfaces for Robot Vision},
 journal = {Computer},
 issue_date = {December 1982},
 volume = {15},
 number = {12},
 month = dec,
 year = {1982},
 issn = {0018-9162},
 pages = {42--54},
 numpages = {13},
 url = {http://dx.doi.org/10.1109/MC.1982.1653915},
 doi = {10.1109/MC.1982.1653915},
 acmid = {1320811},
 publisher = {IEEE Computer Society Press},
 address = {Los Alamitos, CA, USA},
} 

@inproceedings{Abdel:1971,
    author = {Abdel-Aziz, Y. I. and Karara, H. M.},
    booktitle = {Proceedings of the Symposium on Close-Range photogrammetry},
    citeulike-article-id = {6661321},
    keywords = {file-import-10-02-13},
    pages = {18},
    posted-at = {2010-02-13 21:23:09},
    priority = {2},
    title = {{Direct linear transformation from comparator coordinates into object space coordinates in close-range photogrammetry}},
    volume = {1},
    year = {1971}
}

@inproceedings{Astarita:2012,
    author = {T. Astarita},
    booktitle = {Proceedings of the 16th Int Symp on Applications of Laser Techniques to Fluid Mechanics},
    pages = {1-9},
    title = {A Scheimpflug Camera Model for Stereoscopic and Tomographic \textsc{PIV}},
    year = {2012}
}

@article{Tsai:1987,
    author = {Tsai, R. Y.},
    booktitle = {Robotics and Automation, IEEE Journal of},
    citeulike-article-id = {1332408},
    citeulike-linkout-0 = {http://dx.doi.org/10.1109/jra.1987.1087109},
    citeulike-linkout-1 = {http://ieeexplore.ieee.org/xpls/abs\_all.jsp?arnumber=1087109},
    doi = {10.1109/jra.1987.1087109},
    institution = {IBM T. J. Watson Research Center, Yorktown Heights, NY,USA},
    issn = {0882-4967},
    journal = {Robotics and Automation, IEEE Journal of},
    keywords = {3d, calibration, camera\_calibration, set-mp3-2011-09},
    month = aug,
    number = {4},
    pages = {323--344},
    posted-at = {2011-06-10 13:15:43},
    priority = {5},
    publisher = {IEEE},
    title = {{A versatile camera calibration technique for high-accuracy 3D machine vision metrology using off-the-shelf TV cameras and lenses}},
    url = {http://dx.doi.org/10.1109/jra.1987.1087109},
    volume = {3},
    year = {1987}
}

@ARTICLE{Weng:1992,
author={Weng, J. and Cohen, P. and Herniou, M.},
journal={Pattern Analysis and Machine Intelligence, IEEE Transactions on},
title={Camera calibration with distortion models and accuracy evaluation},
year={1992},
month={Oct},
volume={14},
number={10},
pages={965-980},
keywords={CCD image sensors;calibration;cameras;computer vision;optical information processing;optimisation;CCD camera;accuracy;camera calibration;closed-form solution;computer vision;distortion models;inferred image projections;mean-square discrepancy;nonlinear optimization;objective function;observed image points;Calibration;Cameras;Charge-coupled image sensors;Computer vision;Distortion measurement;Lenses;Nonlinear distortion;Optical arrays;Optical distortion;Parameter estimation},
doi={10.1109/34.159901},
ISSN={0162-8828},}

@ARTICLE{Wei:1994,
author={Guo-Qing Wei and Song De Ma},
journal={Pattern Analysis and Machine Intelligence, IEEE Transactions on},
title={Implicit and explicit camera calibration: theory and experiments},
year={1994},
month={May},
volume={16},
number={5},
pages={469-480},
keywords={calibration;cameras;3-D measurement;camera calibration;camera orientation;camera position;computationally efficient method;distorted image coordinates;image coordinate generation;projective mappings;radial distortion model;Calibration;Cameras;Computer vision;Coordinate measuring machines;Distortion measurement;Image generation;Lenses;Physics computing;Robotics and automation;Three dimensional displays},
doi={10.1109/34.291450},
ISSN={0162-8828},}

@book{Faugeras:1993,
 author = {Faugeras, Olivier},
 title = {Three-dimensional Computer Vision: A Geometric Viewpoint},
 year = {1993},
 isbn = {0-262-06158-9},
 publisher = {MIT Press},
 address = {Cambridge, MA, USA},
} 

@book{Press:1988,
 author = {W. Press, B. Flannery, S. Teukolsky, and W. Vetterling},
 title = {Numerical Recipes in C},
 year = {1998},
 publisher = {Cambridge University Press},
} 

. . Cambridge
University Press, 1988.

@article{Zhang:2000:FN,
 author = {Zhang, Zhengyou},
 title = {A Flexible New Technique for Camera Calibration},
 journal = {IEEE Trans. Pattern Anal. Mach. Intell.},
 issue_date = {November 2000},
 volume = {22},
 number = {11},
 month = nov,
 year = {2000},
 issn = {0162-8828},
 pages = {1330--1334},
 numpages = {5},
 %url = {http://dx.doi.org/10.1109/34.888718},
 %doi = {10.1109/34.888718},
 acmid = {357025},
 publisher = {IEEE Computer Society},
 address = {Washington, DC, USA},
 keywords = {Camera calibration, calibration from planes, 2D pattern, flexible plane-based calibration, absolute conic, projective mapping, lens distortion, closed-form solution, maximum likelihood estimation, flexible setup.},
} 

@PhdThesis{Tmellen:1994,
	   title = {Geometrical modelling and calibration of video cameras for underwater navigation},
          author = {Melen, T.},
          school = "Dr. Ing thesis, Norges tekniske hogskole, Institut for teknisk kybernetikk",
            year = "1994",
}

@article{Tmellen:1994,
 author = {Melen, T.},
 title = {Geometrical modelling and calibration of video cameras for underwater navigation},
 journal = {IEEE Trans. Pattern Anal. Mach. Intell.},
 issue_date = {November 2000},
 volume = {22},
 number = {11},
 month = nov,
 year = {2000},
 issn = {0162-8828},
 pages = {1330--1334},
 numpages = {5},
 url = {http://dx.doi.org/10.1109/34.888718},
 doi = {10.1109/34.888718},
 acmid = {357025},
 publisher = {IEEE Computer Society},
 address = {Washington, DC, USA},
 keywords = {Camera calibration, calibration from planes, 2D pattern, flexible plane-based calibration, absolute conic, projective mapping, lens distortion, closed-form solution, maximum likelihood estimation, flexible setup.},
} 

@inproceedings{Heikkila:1997,
 author = {Heikkila, Janne and Silven, Olli},
 title = {A Four-step Camera Calibration Procedure with Implicit Image Correction},
 booktitle = {Proceedings of the 1997 Conference on Computer Vision and Pattern Recognition (CVPR '97)},
 series = {CVPR '97},
 year = {1997},
 isbn = {0-8186-7822-4},
 pages = {1106--},
 url = {http://dl.acm.org/citation.cfm?id=794189.794489},
 acmid = {794489},
 publisher = {IEEE Computer Society},
 address = {Washington, DC, USA},
 keywords = {camera calibration, accurate 3-D measurements, lens distortion, circular features},
}


%
%
%
%@Article{Darzi:2004,
%     author    = {Darzi, A. and Munz, Y.},
%     title     = {The Impact of Minimally Invasive Surgical Techniques},
%     year      = {2004},
%     journal   = {Annual Review of Medicine},
%     volume    = {55},
%     pages     = {223-237}
%}
%
%@article{Sirat:1992, 
%author = {Gabriel Y. Sirat}, 
%journal = {J. Opt. Soc. Am. A}, 
%keywords = {},
%number = {1}, 
%pages = {70--83}, 
%publisher = {OSA},
%title = {Conoscopic holography. I. Basic principles and physical basis}, 
%volume = {9}, 
%month = {Jan},
%year = {1992},
%url = {http://josaa.osa.org/abstract.cfm?URI=josaa-9-1-70},
%doi = {10.1364/JOSAA.9.000070},
%abstract = {Conoscopic holography is an incoherent holographic technique based on the properties of crystal optics. More precisely, for each point of the object, the interference pattern between the ordinary and the extraordinary rays is presented. The pattern is a Gabor-zone-lens pattern, with a scale parameter that is a function of the distance of the point. The superposition of the Gabor zone lens from each point of the object is the hologram, which contains information on the shape of the object through the scale-parameter dependence of each point is presented. I present a simplified version of the theory of conoscopic holography. The point-spread function and the transfer function of the conoscopic system are presented by using simple arguments, and the conoscopic hologram is defined. The basic schemes for reconstruction, i.e., retrieving, optically or numerically, this three-dimensional information about the object from the recorded hologram, are presented. Finally, the resolution of the system is quantified.}
%}
%
%
%@article{Kutulakos:2008,
% author = {Kutulakos, Kiriakos N. and Steger, Eron},
% title = {A Theory of Refractive and Specular 3D Shape by Light-Path Triangulation},
% journal = {Int. J. Comput. Vision},
% issue_date = {January   2008},
% volume = {76},
% number = {1},
% month = jan,
% year = {2008},
% issn = {0920-5691},
% pages = {13--29},
% numpages = {17},
% url = {http://dx.doi.org/10.1007/s11263-007-0049-9},
% doi = {10.1007/s11263-007-0049-9},
% acmid = {1325295},
% publisher = {Kluwer Academic Publishers},
% address = {Hingham, MA, USA},
% keywords = {3D photography, 3D scanning, Multi-media photogrammetry, Reflectance modeling, Shape acquisition, Shape from refraction, Shape from specularities, Specular reflection, Stereo, Transparency, Triangulation}
%} 
%
%@inproceedings{Zongker:1999,
%  author =       {Zongker and Douglas E. and Werner and Dawn M. and Curless and Brian and Salesin and David H.},
%  title =        {Environment matting and compositing},
%  booktitle =    {Proceedings of the 26th annual conference on Computer graphics and interactive techniques},
%  year =         {1999},
%  address =      {New York, NY, USA},
%  publisher =    {ACM Press/Addison-Wesley Publishing Co.},
%  isbn =         {0-201-48560-5},
%  series =       {SIGGRAPH '99},
%  pages =        {205--214},
%  url =          {http://dx.doi.org/10.1145/311535.311558},
%  keywords =     {alpha channel, augmented reality, blue spill, blue-screen matting, clip art, colored transparency, environment map, environment matte, image-based rendering, interactive lighting design, reflection, refraction},
%  confidential = {n}
%}
%
%@techreport{Bardsley:2007,
%    author = {Bardsley, Daniel and Li, Bai},
%    citeulike-article-id = {1403672},
%    keywords = {calibration},
%    posted-at = {2007-06-22 03:27:07},
%    priority = {2},
%    title = {{3D} Reconstruction Using the Direct Linear Transform with a Gabor Wavelet Based
%Correspondence Measure}
%}
%

%
%@techreport{Zhangbook,
%  author =       {Zhengyou Zhang},
%  title =        {Camera Calibration},
%  keywords =     {calibration},
%  file =         {Zhang_book.pdf},
%  confidential = {n},
%  team =         {vi}
%}
%
%@inproceedings{Remondino:2006a,
%    address = {Dresden, Germany},
%    author = {Remondino, F. and Fraser, C.},
%    booktitle = {International Archives of Photogrammetry, Remote Sensing and Spatial Information Sciences,},
%    citeulike-article-id = {1655218},
%    editor = {Isprs},
%    keywords = {bibtex-import},
%    number = {part 5},
%    pdf = {Calibration/Remondino\_Fraser\_ISPRSV\_2006.pdf},
%    posted-at = {2007-09-14 10:08:45},
%    priority = {0},
%    title = {{Digital camera calibration methods: considerations and comparisons}},
%    volume = {Vol. XXXVI},
%    year = {2006}
%}
%
%@MISC{Wu_automatedmetal,
%    author = {W-y Wu and C-c Hou},
%    title = {Automated metal surface inspection through machine vision},
%    year = {}
%}
%
%@techreport{Wynn:2006,
%  author =       {Chris Wynn},
%  title =        {An Introduction to BRDF-Based Lighting, NVIDIA Corporation},
%  confidential = {n}
%}
%
%@article{Cook:1982,
%  author =       {Cook and R. L. and Torrance and K. E.},
%  title =        {A Reflectance Model for Computer Graphics},
%  journal =      {ACM Trans. Graph.},
%  year =         {1982},
%  volume =       {1},
%  number =       {1},
%  pages =        {7--24},
%  url =          {http://doi.acm.org/10.1145/357290.357293},
%  keywords =     {image synthesis, reflectance, Brdf},
%  file =         {1982/Cook:1982:RMC:357290.357293.pdf},
%  confidential = {n},
%  language =     {en},
%  issn =         {0730-0301},
%  team =         {vi}
%}
%
%@article{Lewis:1994,
%  title = {Making Shaders More Physically Plausible},
%  author = {Robert R. Lewis},
%  year = {1994},
%  researchr = {http://researchr.org/publication/Lewis94%3A3},
%  cites = {0},
%  citedby = {0},
%  journal = {Comput. Graph. Forum},
%  volume = {13},
%  number = {2},
%  pages = {109-120},
%}
%
%@article{Ward:1992,
% author = {Ward, Gregory J.},
% title = {Measuring and modeling anisotropic reflection},
% journal = {SIGGRAPH Comput. Graph.},
% issue_date = {July 1992},
% volume = {26},
% number = {2},
% month = jul,
% year = {1992},
% issn = {0097-8930},
% pages = {265--272},
% numpages = {8},
% url = {http://doi.acm.org/10.1145/142920.134078},
% doi = {10.1145/142920.134078},
% acmid = {134078},
% publisher = {ACM},
% address = {New York, NY, USA},
% keywords = {Monte Carlo, raytracing, reflectance, shading},
%} 
%
%@inproceedings{MaltiBartoli12b,
%  author =       {Abed Malti and Adrien Bartoli},
%  title =        {Estimating the Cook-Torrance {BRDF} Parameters In-Vivo from Laparoscopic Images},
%  booktitle =    {Workshop on Augmented Environment in Medical Image Computing and Computer Assisted Intervention (MICCAI)},
%  year =         {2012},
%  month =        {October},
%  address =      {Nice, France},
%  keywords =     {},
%  file =         {2012/MaltiBartoli12b.pdf},
%  confidential = {n}
%}
%
%@inproceedings{Ghosh:2007,
%  author =       {Abhijeet Ghosh and Shruthi Achutha and Wolfgang Heidrich and Matthew O Toole},
%  title =        {{BRDF} Acquisition with Basis Illumination},
%  booktitle =    {IEEE 11th International Conference on Computer Vision, ICCV 2007, Rio de Janeiro, Brazil, October 14-20, 2007},
%  year =         {2007},
%  publisher =    {IEEE},
%  pages =        {1-8},
%  keywords =     {},
%  confidential = {n}
%}
%
%@article{Hery2012Hair,
%   author  = {Christophe Hery and Ravi Ramamoorthi},
%   title   = {Importance Sampling of Reflection from Hair Fibers},  
%   year    = {2012},
%   month   = {June},
%   day     = {22},
%   journal = {Journal of Computer Graphics Techniques (JCGT)},
%   volume  = {1},
%   number  = {1},
%   pages   = {1--17},
%   url     = {http://jcgt.org/published/0001/01/01/}
%}          
%
%@article{Marschaner:2003,
%    address = {New York, NY, USA},
%    author = {Marschner, Stephen R. and Jensen, Henrik W. and Cammarano, Mike and Worley, Steve and Hanrahan, Pat},
%    citeulike-article-id = {841599},
%    citeulike-linkout-0 = {http://portal.acm.org/citation.cfm?id=882345},
%    citeulike-linkout-1 = {http://dx.doi.org/10.1145/882262.882345},
%    doi = {10.1145/882262.882345},
%    journal = {ACM Trans. Graph.},
%    keywords = {cg},
%    month = jul,
%    number = {3},
%    pages = {780--791},
%    posted-at = {2006-09-13 06:53:36},
%    priority = {2},
%    publisher = {ACM Press},
%    title = {{Light scattering from human hair fibers}},
%    url = {http://dx.doi.org/10.1145/882262.882345},
%    volume = {22},
%    year = {2003}
%}
%
%@techreport{ChandrakerReport:2010,
%    Author = {Chandraker, Manmohan and Bai, Jiamin and Ramamoorthi, Ravi},
%    Title = {A Theory of Photometric Reconstruction for Unknown Isotropic Reflectances},
%    Institution = {EECS Department, University of California, Berkeley},
%    Year = {2010},
%    Month = {Dec},
%    URL = {http://www.eecs.berkeley.edu/Pubs/TechRpts/2010/EECS-2010-176.html},
%    Number = {UCB/EECS-2010-176},
%    Abstract = {This paper presents a comprehensive theory of surface reconstruction from image derivatives in photometric stereo. For an object with an unknown, general isotropic BRDF, we show that just two measurements of the spatial and temporal image derivatives, under unknown light source positions on a circle, suffice to determine the surface.
%
%This result is the culmination of a series of fundamental observations. First, we discover a photometric invariant that relates image derivatives to the surface geometry, regardless of the form of isotropic BRDF. Next, we show that just two pairs of differential images from unknown light directions suffice to recover this surface information from the photometric invariant. This is shown to be equivalent to determining isocontours of constant magnitude of the surface gradient, as well as isocontours of constant depth, for the entire surface. Further, we prove that specification of the surface normal at a single point completely determines the surface depth from these isocontours.
%
%In addition, our theory also suggests practical algorithms that require additional initial or boundary information, but allow reconstruction of depth from lower order derivatives. The theoretical results of the paper are illustrated with examples on synthetic and real data.}
%}
%
%@article{Chandraker:2012,
%  year = 2012,
%  journal = {IEEE Transactions on Pattern Analysis and Machine Intelligence},
%  title = {On Differential Photometric Reconstruction for Unknown, Isotropic BRDFs},
%  author = {Manmohan Chandraker and Jiamin Bai and Ravi Ramamoorthi},
%  url = {http://graphics.berkeley.edu/papers/Chandraker-ODP-2012-09/},
%}
%
%@article{Ramamoorthi:2007,
% author = {Ramamoorthi, Ravi and Mahajan, Dhruv and Belhumeur, Peter},
% title = {A first-order analysis of lighting, shading, and shadows},
% journal = {ACM Trans. Graph.},
% issue_date = {January 2007},
% volume = {26},
% number = {1},
% month = jan,
% year = {2007},
% issn = {0730-0301},
% articleno = {2},
% url = {http://doi.acm.org/10.1145/1189762.1189764},
% doi = {10.1145/1189762.1189764},
% acmid = {1189764},
% publisher = {ACM},
% address = {New York, NY, USA},
% keywords = {Fourier analysis, Gradients, reflectance, shadows},
%} 
%
%@INPROCEEDINGS{Treuille:2004,
%    author = {Adrien Treuille and Aaron Hertzmann and Steven M. Seitz},
%    title = {Example-Based Stereo with General BRDFs},
%    booktitle = {In European Conference on Computer Vision},
%    year = {2004},
%    pages = {457--469}
%}
%
%@INPROCEEDINGS{Hertzmann:2003,
%    author = {Aaron Hertzmann and Steven M. Seitz},
%    title = {Shape and Materials by Example: A Photometric Stereo Approach},
%    booktitle = {IN PROC. IEEE CONF. COMPUTER VISION AND PATTERN RECOGNITION},
%    year = {2003},
%    pages = {533--540},
%    publisher = {}
%}
%
%@article{Seitz:1999,
% author = {Seitz, Steven M. and Dyer, Charles R.},
% title = {Photorealistic Scene Reconstruction by Voxel Coloring},
% journal = {Int. J. Comput. Vision},
% issue_date = {Nov.-Dec. 1999},
% volume = {35},
% number = {2},
% month = nov,
% year = {1999},
% issn = {0920-5691},
% pages = {151--173},
% numpages = {23},
% url = {http://dx.doi.org/10.1023/A:1008176507526},
% doi = {10.1023/A:1008176507526},
% acmid = {339363},
% publisher = {Kluwer Academic Publishers},
% address = {Hingham, MA, USA},
% keywords = {image correspondence, invariants, multi-baseline stereo, occlusion, photorealism, scene reconstruction, voxel representations},
%} 
%
%@inproceedings{Chen:2007,
%  author =       {Tongbo Chen and Hendrik P. A. Lensch and Christian Fuchs and Hans-peter Seidel and Mpi Informatik},
%  title =        {Polarization and PhaseShifting for {3D} Scanning of Translucent Objects},
%  booktitle =    {Proc. CVPR},
%  year =         {2007},
%  pages =        {1--8},
%  keywords =     {},
%  file =         {2007/Chen07polarizationand.pdf},
%  confidential = {n}
%}
%
%@inproceedings{Liu:2009,
%  added-at = {2009-12-31T00:00:00.000+0100},
%  author = {Liu, Yebin and Cao, Xun and Dai, Qionghai and Xu, Wenli},
%  biburl = {http://www.bibsonomy.org/bibtex/29b7735e64919c8b180ac3f5e05d23cb3/dblp},
%  booktitle = {CVPR},
%  crossref = {conf/cvpr/2009},
%  date = {2009-12-31},
%  description = {dblp},
%  ee = {http://doi.ieeecomputersociety.org/10.1109/CVPRW.2009.5206712},
%  interhash = {f46fd627a1341d48d0585e7836472de7},
%  intrahash = {9b7735e64919c8b180ac3f5e05d23cb3},
%  isbn = {978-1-4244-3992-8},
%  keywords = {dblp},
%  pages = {2121-2128},
%  publisher = {IEEE},
%  timestamp = {2009-12-31T00:00:00.000+0100},
%  title = {Continuous depth estimation for multi-view stereo.},
%  url = {http://dblp.uni-trier.de/db/conf/cvpr/cvpr2009.html#LiuCDX09},
%  year = {2009}
%}
%
%@article{Osadchy:2004,
% author = {Osadchy, Margarita and Keren, Daniel},
% title = {Efficient detection under varying illumination conditions and image plane rotations},
% journal = {Comput. Vis. Image Underst.},
% issue_date = {March 2004},
% volume = {93},
% number = {3},
% month = mar,
% year = {2004},
% issn = {1077-3142},
% pages = {245--259},
% numpages = {15},
% url = {http://dx.doi.org/10.1016/j.cviu.2003.10.001},
% doi = {10.1016/j.cviu.2003.10.001},
% acmid = {985231},
% publisher = {Elsevier Science Inc.},
% address = {New York, NY, USA},
% keywords = {detection, recognition, varying illumination, varying pose},
%} 
%
%@INPROCEEDINGS{Yoon:2006, 
%author={Kuk-Jin Yoon and Yoojin Choi and In So Kweon}, 
%booktitle={Image Processing, 2006 IEEE International Conference on}, title={Fast Separation of Reflection Components using a Specularity-Invariant Image Representation}, 
%year={2006}, 
%month={oct.}, 
%volume={}, 
%number={}, 
%pages={973 -976}, 
%keywords={color image;image representation;iterative framework;reflection components separation;specular-free two-band image;textured indoor-outdoor image;image colour analysis;image representation;image texture;iterative methods;}, 
%doi={10.1109/ICIP.2006.312650}, 
%ISSN={1522-4880},}
%
%@inproceedings{Yoon:2006b,
% author = {Yoon, Kuk-Jin and Kweon, In-So},
% title = {Correspondence search in the presence of specular highlights using specular-free two-band images},
% booktitle = {Proceedings of the 7th Asian conference on Computer Vision - Volume Part II},
% series = {ACCV'06},
% year = {2006},
% isbn = {3-540-31244-7, 978-3-540-31244-4},
% location = {Hyderabad, India},
% pages = {761--770},
% numpages = {10},
% url = {http://dx.doi.org/10.1007/11612704_76},
% doi = {10.1007/11612704_76},
% acmid = {2114735},
% publisher = {Springer-Verlag},
% address = {Berlin, Heidelberg},
%}
%
%@article{Nayar:1997,
% author = {Nayar, Shree K. and Fang, Xi-Sheng and Boult, Terrance},
% title = {Separation of Reflection Components Using Color and Polarization},
% journal = {Int. J. Comput. Vision},
% issue_date = {Feb. 1997},
% volume = {21},
% number = {3},
% month = feb,
% year = {1997},
% issn = {0920-5691},
% pages = {163--186},
% numpages = {24},
% url = {http://dx.doi.org/10.1023/A:1007937815113},
% doi = {10.1023/A:1007937815113},
% acmid = {248634},
% publisher = {Kluwer Academic Publishers},
% address = {Hingham, MA, USA},
%} 
%
%@article{Wolff:1991,
% author = {Wolff, Lawrence B. and Boult, Terrance E.},
% title = {Constraining Object Features Using a Polarization Reflectance Model},
% journal = {IEEE Trans. Pattern Anal. Mach. Intell.},
% issue_date = {July 1991},
% volume = {13},
% number = {7},
% month = jul,
% year = {1991},
% issn = {0162-8828},
% pages = {635--657},
% numpages = {23},
% url = {http://dx.doi.org/10.1109/34.85655},
% doi = {10.1109/34.85655},
% acmid = {117756},
% publisher = {IEEE Computer Society},
% address = {Washington, DC, USA},
% keywords = {Fresnel reflection coefficients, color variations, electrical conductivity, intensity edges, intrinsic light-dark variations, light polarisation, light reflection, machine vision, optical information processing, pattern recognition, polarization reflectance model, reflectivity, surface segmentation},
%} 
%
%@inproceedings{Li:2002,
% author = {Li, Yuanzhen and Lin, Stephen and Lu, Hanqing and Kang, Sing Bing and Shum, Heung-Yeung},
% title = {Multibaseline Stereo in the Presence of Specular Reflections},
% booktitle = {Proceedings of the 16 th International Conference on Pattern Recognition (ICPR'02) Volume 3 - Volume 3},
% series = {ICPR '02},
% year = {2002},
% isbn = {0-7695-1695-X},
% pages = {30573--},
% url = {http://dl.acm.org/citation.cfm?id=839291.842736},
% acmid = {842736},
% publisher = {IEEE Computer Society},
% address = {Washington, DC, USA},
%}
%
%@INPROCEEDINGS{Lin:2002,
%    author = {Stephen Lin and Yuanzhen Li and Sing Bing Kang and Xin Tong},
%    title = {Diffuse-specular separation and depth recovery from image sequences},
%    booktitle = {In Proceedings of European Conference on Computer Vision (ECCV},
%    year = {2002},
%    pages = {210--224}
%}
%
%@article{borromeo:2005,
%  author =       {S. Borromeo and J. L. Aparicio},
%  title =        {Application of computer vision systems to the inspection of contact wire wear},
%  journal =      {Urban Transport XI},
%  year =         {2005},
%  volume =       {77},
%  keywords =     {catenary inspection, contact wire wear, computer vision systems, railways},
%  file =         {2005/borromeo_utxi_2005.pdf},
%  confidential = {n},
%  comments =     {cet article pr\'esente un \'etat de l'art (datant de 2005) sur les syst\`emes d'inspection de cat\'enaire par vision.},
%  language =     {en},
%  abstract =     {Measuring systems which automatically detect the degree of wire wear are
%necessary in order to carry out efficient infrastructure management and
%maintenance based on contact wire condition. The problem of wear measurement
%characterized by some important determining factors like rate of sampling and
%auscultation conditions is studied in detail. This paper describes different
%developments, based on computer vision, to measure contact wire wear. In
%general, computer vision in railways contributes towards improved service
%quality, reduced costs and increased security. This paper concludes with a
%comparative analysis of different computer vision systems to measure contact
%wire wear.},
%  issn =         {1743-3509}
%}
%
%@Article{Nayar:1990, 
%author = {S.K. Nayar and K. Ikeuchi and T. Kanade},
%title = {{D}etermining {S}hape and {R}eflectance of {H}ybrid {S}urfaces by {P}hotometric {S}ampling},
%journal = {IEEE Transactions on Robotics and Automation},
%volume = {6},
%number = {4},
%pages = {418--431},
%month = {Aug},
%year = {1990}
%}
%
%
%
%@inproceedings{borromeoMEDES:2003,
%  author =       {S. Borromeo and J. L. Aparicio and P. M. Martinez},
%  title =        {{MEDES}: Contact wire wear measuring system used by the Spanish National Railway ({RENFE})},
%  booktitle =    {Proceedings of the Institution of Mechanical Engineers, Part F: Journal of Rail and Rapid Transit },
%  year =         {2003},
%  volume =       {217},
%  keywords =     {},
%  file =         {2003/borromeo_inproceedings_2003.pdf},
%  confidential = {n},
%  comments =     {Syst\`eme de contr\^ole de la cat\'enaire de la RENFE (Espagne).
%A voir la bibliographie, ancienne mais permet de se faire une id\'ee.},
%  language =     {en},
%  abstract =     {Measuring systems that detect automatically the degree of wire wear are necessary in order
%to carry out an ef¬Æcient infrastructure management and maintenance based on the contact wire
%condition. An automatic inspection system for overhead wires will be described in this paper. This
%system has been designed by UPM-DIE (Divisio\^A n de Ingenier√µ\^A a Electro\^A nica, Escuela Te\^A cnica Superior
%de Ingenieros Industriales, Universidad Polite\^A cnica de Madrid) and funded by RENFE (Spanish
%National Railway). Currently, the MEDES system is installed and operative in laboratory coaches
%used by RENFE (Spanish National Railway) and SNCF (French Railway Company). It is based on a
%computer vision system taking advantage of good re¬Øecting characteristics of the wearing track of the
%overhead wire. The wearing track is illuminated using laser diodes at 810nm. Charge coupled device
%(CCD) linear cameras capture the re¬Øected light. A brief contact wire wear measuring systems
%overview will also be presented.}
%}
%
%@inproceedings{Hofler:2004,
%  author =       { H. Hofler and M. Dambacher and N. Dimopoulos and  V. Jetter},
%  title =        {Monitoring and inspecting overhead wires and supporting structures},
%  booktitle =    {Proceedings of IEEE on Intelligent Vehicles Symposium},
%  year =         {2004},
%  month =        {june},
%  pages =        {512 - 517},
%  keywords =     {contact wire position measurement; data evaluation; distance measurement; optical measurement systems; optical radar technique; overhead wires inspection; overhead wires monitoring; pole position measurement; wire wear measurement; automobiles; distance m},
%  file =         {2004/Hofler:2004.pdf},
%  confidential = {n}
%}
%
%@inproceedings{Fumi:2001,
%  author =       {A. Fumi and A. Forgione},
%  title =        {A new complete system for catenary's checking},
%  booktitle =    {In proceedings of the World Congress on Railway Research ({WCRR}:01)},
%  year =         {2001},
%  day =          {25-29},
%  month =        {November},
%  address =      {Koln, Germany},
%  keywords =     {},
%  file =         {2001/fumi_inproceedings_2001.pdf},
%  confidential = {n},
%  comments =     {Description du syst\`eme GEOCAT},
%  language =     {en},
%  abstract =     {For several years FS has been pursuing the realization of an integrate
%and complete system for the diagnostics of catenary, both carrying out its
%original projects and evaluating the best experiences and experimentations
%done by the main railways in the world.
%This paper deals at first with the parameters to be measured to check
%the health conditions of every type of catenary according to the goals
%expected, not only to prevent faults and to plan maintenance, but also to
%examine the quality conditions through a guided analysis of the trends.
%For each parameter, the main reasons of measuring and the best
%situations of checking (speed, means and other conditions) are given,
%together with the tolerances admitted and the opportunities deriving from
%the analysis of the relevant trends in the space and/or the time, also
%automatically comparing subsequent and previous measures.
%Special considerations are given regarding the opportunities to
%measure at low or high speed and on the optimisation of using the data
%checked for different aims, such as the quality of the electrical feeding, the
%reliability of the geometrical setting and the quality of current collection.
%Furthermore, there are shown the main characteristics of a new
%integrated diagnostic system (Geocat) installed in a special trolley, able to
%do all the measurements running up to 100 km/h, with contact line alive.
%Among the parameters measured, particular considerations are given about
%the values and the trends of voltage, height, stagger, wear, forces and so on.
%The data measured are immediately used to prevent faults but are also
%post processed with a special software, to optimise planning maintenance
%and to calculate special quality indexes. In addition the trolley is equipped
%with cameras which record the contact line and the zone of interaction
%between catenary and pantograph, so the data measured can be compared
%with the relevant real configuration observed. With the optimised use of the proposed new automatic diagnostic
%system, at last are given the returns evaluated, in terms of productivity
%increasing, costs reduction and reliability improvement.}
%}
%
%@INPROCEEDINGS{Borromeo:2002, 
%author={Borromeo, S. and Aparicio, J.L.}, 
%booktitle={In proceedings of the IEEE, Industrial Electronics Society (IECON), 2002}, title={Automatic systems for wear measurement of contact wire in railways}, 
%year={2002}, 
%month={nov.}, 
%volume={4}, 
%number={}, 
%pages={ 2700 - 2705 vol.4}, 
%abstract={ Measuring systems that detect automatically the degree of wearing of the contact wire in railways are necessary in order to carry out an efficient infrastructure management and maintenance based on contact wire condition. This paper describes automatic methods to measure the wear of overhead wires, in particular, those based on optical detection techniques. Different automatic systems that measure the wear are outlined. The measuring basis of different approaches, type of illumination and optics used, acquire and processing procedures are studied. A comparative analysis of technical solutions adopted by each of them is shown and the major advantages and disadvantages are highlighted.}, 
%keywords={ ATON system; MEDES system; automatic measurement methods; contact wire; contact wire condition; infrastructure management; laser beam; laser diodes; maintenance; optical detection techniques; overhead wires; railways; thickness measurement; wear measurement; measurement by laser beam; optical sensors; power overhead lines; railways; thickness measurement; wear testing;}, 
%doi={10.1109/IECON.2002.1182821}, 
%ISSN={},}
%
%@article{Gigch:1991,
%author = "J. M. Van Gigch and  C. Smorenburg and A. W. Benschop",
%institution = "TNO/TPD, inst. physique appliquÔøΩe, NLD",
%title = "Le systeme de mesure de l'epaisseur des fils de contact des chemins de fer nederlandais (NS)",
%journal = "Rail international (Ed. francaise)",
%year = "1991",
%volume = "22",
%number = "4",
%pages = "20--31",
%editor = "Association internationale du congres des chemins de fer",
%issn = "1022-4076",
%note = "",
%keywords = "Rail transportation; Railway; Dutch; Power supply; Electrical wire; Contact; Thickness; Measurement method; Wear; Laser; Automation",
%url = "http://www.refdoc.fr/Detailnotice?idarticle=18834244"
%}
%
%@techreport{koshiba:2012,
%  author =       {Nobuyuki Koshiba},
%  title =        {{OCS} (Overhead Catenary System) inspection system for tokyu corporation},
%  institution =  {Meiden review},
%  year =         {2012},
%  keywords =     {Catenary, Inspection, Line Scan Camera},
%  file =         {2012/koshiba_techreport_2012.pdf},
%  confidential = {n},
%  language =     {en},
%  team =         {vi}
%}
%
%@inproceedings{Chugui:2008,
%  author =       {Yu.V. Chugui1 and A.G. Verkhogliad and V.S. Bazin and S.V. Kalichkin and V.E. Kalikin and S.N. Makarov and I.A. Vykhristyuk1},
%  title =        {Optical Remote Dimensional Inspection of Live Contact Wire in Train's Electro-Supply Network},
%  booktitle =    {Measurement Science Review},
%  year =         {2008},
%  volume =       {8},
%  number =       {2},
%  pages =        {37-41},
%  keywords =     {structured light method, non-contact remote inspection, profiling, shape measurement, contact wire},
%  file =         {2008/chugui1_inproceedings_2008.pdf},
%  confidential = {n},
%  comments =     {Mesure de la section cat\'enaire, donc de l'usure, avec une cam\'era et une lumi\`ere structur\'ee. Vitesse de 5Km/h , 150 mesures par secondes, mesure tout les 10 mm.},
%  language =     {en},
%  abstract =     {An optical structured illumination of 3D object as a light band method for automatic noncontact wear measurement and
%defects detection of a contact wire network is presented. The experimental device can extract main technological wire parameters
%like remaining height with RMS value down to 0.15 mm. Also the cross-sectional area of the wire can be measured with RMS area
%noise value of 1.5 mm2, which is sufficient for a confident decision-making related to the automatic wire wears and defects on
%railways, tram and trolleybus lines, and similar systems of vehicles electro-supply.}
%}
%
%@article{BorromeoR:2005,
%author = {Borromeo  S. and Aparicio, J. L.},
%title = {Real-time implementation of a control system for exposure time of CCD},
%volume = {Proc. SPIE 5671, Real-Time Imaging IX},
%number = {},
%pages = {44-51},
%year = {2005},
%doi = {10.1117/12.587016},
%URL = { + http://dx.doi.org/10.1117/12.587016},
%eprint = {}
%}
%  44 (March 17, 2005)
%
%@inproceedings{Shimada:1997,
%  author =       {T.Shimada and T. Kohida and Y. Satoh.},
%  title =        {Development of a Solid Laser Measuring Apparatus of Contact Wire Wear},
%  booktitle =    {Quarterly Report of Railway Technical Research Institute (RTRI), Japan },
%  year =         {1997},
%  month =        {March},
%  volume =     {98},
% pages =        {19-24}
%  abstract =     {}
%}
%
%@INPROCEEDINGS{Galiulin:1999,
%author={Rav.M. Galiulin and Rish.M.Galiulin and J.M.Bakirov and V.V.Bydanov and D.R.Bogdanov and D.V.Naumov.}, 
%booktitle={Automation and Robotics in Construction}, 
%title={Mobile Optoelectronic Measurement of a Contact Net Construction in Railways}, 
%year={March, 1999}, 
%month={}, 
%volume={XVI}, 
%number={}
%}
%
%@INPROCEEDINGS{Kusumi:2000, 
%author={Kusumi, S. and Nagasawa, H. and Mochizuka, H.}, 
%booktitle={Proceedings of the 17th IEEE, Instrumentation and Measurement Technology Conference, 2000. IMTC 2000}, title={Development of measuring apparatus for contact wire wear by sodium vapor lamps}, 
%year={}, 
%month={}, 
%volume={3}, 
%number={}, 
%pages={1404 -1408 vol.3}, 
%keywords={0.3 mm measuring error;JR Yamagata Shinkansen;Japan;contact wire wear;electric railways;field tests;inspection cars;measuring apparatus;overhead contact line inspection;rail-and-road cars;sodium vapor lamps;wear of contact wires;wear surface;CCD image sensors;inspection;mechanical variables measurement;metal vapour lamps;overhead line mechanical characteristics;pantographs;railways;test equipment;wear testing;}, 
%doi={10.1109/IMTC.2000.848706}, 
%ISSN={1091-5281},
%}
%
%
%@INPROCEEDINGS{Horiki:1978, 
%author={K.Horiki  et  al}, 
%booktitle={Report of Railway Technical Research Institute, Japan}, 
%title={Measurement  of  contact  wire wear  on daytime using laser}, 
%year={1978}, 
%month={}, 
%volume={}, 
%number={1085}
%}
%
%@inproceedings{montreuil_eusipco:2008,
%  author =       {F. Montreuil and R. Kouadio and C. Petitjean and L. Heutte and V. Delcourt},
%  title =        {Automatic extraction of information for catenary scene analysis},
%  booktitle =    {Proceedings of the 16th European Signal Processing Conference ({EUSIPCO}'08)},
%  year =         {2008},
%  day =          {25-29},
%  month =        aug,
%  address =      {Lausanne, Switzerland},
%  keywords =     {},
%  file =         {2008/montreuil_eusipco_2008.pdf},
%  confidential = {n},
%  comments =     {Cet article pr\'esente un syst\`eme automatique original de reconnaissance des \'el\'ements des cat\'enaire.
%Il permet de se familiariser avec le vocabulaire SNCF CATENAIRE.},
%  language =     {en},
%  abstract =     {This paper presents an original system for the automatic
%recognition of catenary elements. Based on a bottom-up approach,
%our analysis is composed of two stages: the first stage
%provides recognition hypothesis regarding previously segmented
%elements, with a precision rate of 91.7 percent. The second
%stage allows to correct some hypothesis using a Markovian
%model which analyzes the catenary element sequence. It allows
%to improve precision up to 98.1percent}
%}
%
%@inproceedings{kouadio:2008,
%    hal_id = {hal-00474613},
%    url = {http://hal.archives-ouvertes.fr/hal-00474613},
%    title = {Video based catenary inspection for preventive maintenance on iris 320. Technical report. 2008},
%    author = {R. Kouadio, V. Delcourt,  L. Heutte and C. Petitjean},
%    language = {English},
%    affiliation = {Laboratoire d'Informatique, de Traitement de l'Information et des Syst{\`e}mes - LITIS},
%    %booktitle = {{xxxx}},
%    %pages = {xxxx},
%    address = {S{\'e}oul, Korea, Republic Of},
%    audience = {not specified },
%    year = {2008}
%}
%
%@inproceedings{petitjean_inp:2009,
%  author =       {C. Petitjean and L. Heutte and R. Kouadio and V. Delcourt},
%  title =        {Automatic extraction of droppers in catenary scenes},
%  booktitle =    {Proceeding of Machine Vision Applications ({MVA}:09)},
%  year =         {2009},
%  day =          {20-22},
%  month =        {May},
%  address =      {Yokohama, Japan},
%  pages =        {497-500},
%  keywords =     {},
%  file =         {2009/petitjean_inproceedings_2009.pdf},
%  confidential = {n},
%  abstract =     {The aim of this paper is to present an automatic,
%image-based system for catenary maintenance, a novel
%application of machine vision which has no equivalent
%today. This study focuses on the detection of droppers
%in catenary staves. The system takes benefit from the
%fact that dropper location inside catenary staves follows
%mounting rules, an information that is integrated into
%a top-down approach in order to speed up and make
%reliable the extraction of droppers. Results obtained on
%a large database of real images are very satisfying and
%enable for continuing investigations for dropper fault
%detection.}
%}
%
%@inproceedings{camescata:2012,
%  author =       {S. Avronsart},
%  title =        {Camescat Partners Catenary Formation, Slides Presentation(Confidential), SNCF Infa Ingenierie},
%  address =      {Vairies, France},
%  publisher =    {},
% year =         {2012},
%  keywords =     {},
%  file =         {2012/camescata:2012.pdf},
%  confidential = {y}
%}
%
%@inproceedings{camescat:2012,
%  author =       {Pierre-Antoine Lacaze and Stephane Avronsart},
%  title =        {Camescat Project Presentation and Proposal},
%  address =      {SNCF Infa Ingenierie,  Slides Presentation(Confidential), Saint Denis, France},
%  publisher =    {},
%  year =         {2012},
%  keywords =     {},
%  file =         {2012/camescat:2012.pdf},
%  confidential = {y}
%}
%
%@article{SncfChem:2008,
%  author =       {SNCF.},
%  title =        {Study Report on Spectral and Chemical Analysis of the Contact Wire Surface, Technical Report(Confidential)  },
%  booktitle =    {Analysis and Surface},
%  year =         {2008}
%}
%
%@article{Tadeusz:2011,
%author = {Mairesse, Fabrice and Sliwa, Tadeusz M. and Roy, Micha√´l and Voisin, Yvon},
%title = {Needle-shape quality control by shadowgraphic image processing},
%journal = {Optical Engineering},
%volume = {50},
%number = {2},
%pages = {},
%year = {2011},
%doi = {10.1117/1.3541801},
%URL = { + http://dx.doi.org/10.1117/1.3541801},
%eprint = {}
%}
%
%@MISC{Richter:2004,
%  author =       {Uwe Richter and Richard Schneider},
%  title =        {Automated optical inspection of overhead contact line systems, Technical Report},
%  year =         {2004},
%  url =          {http://www.nwe.siemens.com/denmark/internet/dk/mobility/baneelektrificering/Documents/Diagnostic_systems_overhead_contact_lines_eng.pdf},
%  keywords =     {},
%  confidential = {n}
%}
%
%@INPROCEEDINGS{Galiulin:2002,
%author={Rav.M. Galiulin and Rish.M.Galiulin and J.M.Bakirov and V.V.Bydanov},
%booktitle={Proceedings of SPIE, Seventh International Symposium on Laser Metrology Applied to Science, Industry, and Everyday Life}, 
%title={Mobile "{OPTEL}-{CW}" system for optoelectronic measurements of contact wire ({CW}) parameters in railways},
%year={March, 2002}, 
%month={}, 
%volume={4900}, 
%number={}
%}
%
%@article{Schneider:2001,
%  author =       {Schneider, Richard and Thu¬®rmel, Peter and Stockmann, Michael},
%  title =        {Distance measurement of moving objects by frequency modulated laser radar},
%  journal =      {Optical Engineering},
%  year =         {2001},
%  volume =       {40},
%  number =       {1},
%  pages =        {33-37},
%  url =          {+ http://dx.doi.org/10.1117/1.1332772},
%  keywords =     {},
%  confidential = {n}
%}
%
%@inproceedings{Tabayashi:2011,
%  author =       {S.Tabayashi and M. Niwakawa and M. Ikeda and T. Koyama},
%  title =        {Development of Advanced {OCS} Inspection System Using Image Processing Technology},
%  booktitle =    {9th World Congress on Railway Research ({WCRR}:11)},
%  year =         {2011},
%  day =          {22-26},
%  month =        {May},
%  address =      {Lille, France},
%  keywords =     {},
%  confidential = {n},
%  language =     {en},
%  abstract =     {}
%}
%
%@INPROCEEDINGS{kusumi_techreport:2008,
%  author =       {Shunichi Kusumi},
%  title =        {Evolution of overhead catenary system for ‚ÄúShinkansen‚Äù high speed railways in Japan},
% booktitle =  {6th world congress on high speed rail (Amsterdam), Railway Technical Research Institute},
%  month =        {17-19 March,},
%  year =         {2008},
%  url =          {http://www.uic.org/apps/presentation/kusumi.pdf},
%  keywords =     {},
%  confidential = {n},
%  language =     {en}
%}
%
%
%@article{Grabowski:1989,
%  author =       {Grabowski, R. and Schweizer,W. and Molnar, J. and Unger, L.},
%  title =        {Three-dimensional Pictures of Industrial Scenes Applying an Optical RADAR},
%  journal =      {Optics and Lasers in Engineering},
%  year =         {1989},
%  volume =       {10},
%  number =       {1},
%  pages =        {205-226},
%  confidential = {n}
%}
%
%@MISC{mermec:website,
%      AUTHOR = "Mermec Group",
%      TITLE = "Catenary Measurement - Geometry and Contact Wire Wear",
%      MONTH = "January",
%      YEAR = {2013},
%      NOTE = "\texttt{http://www.mermecgroup.com/diagnostic-solutions/catenary-measurement/78/1/geometry-e-wear.php}"
%}
%
%@manual{Senn:2009,
%      title  = "Using {\LaTeX} for Your Thesis",
%      author = "Mark Senn",
%      url    = "http://engineering.purdue.edu/~mark/puthesis",
%      year   = "2009 (accessed July 23, 2009)"
% }
%
%@MISC{selectra:website,
%      author = "Selectra Group",
%      title  = "OVERHEAD LINE DIAGNOSTICS - CATENARY INSPECTION (OptoCat)",
%      MONTH = "Accessed January",
%      YEAR = {2013},
%      NOTE  = "\texttt{http://www.selectravision.com/products}",
%}
%
%@MISC{siemens:website,
%      author = "Siemens Nwe",
%      title  = "Automatic Contact Wire Wear Measurement System",
%      MONTH = "Accessed January",
% YEAR = {2013}
%    NOTE  = "\texttt{http://www.nwe.siemens.com/denmark/internet/dk/mobility/baneelektrificering/Pages/baneelektrificering.aspx}",
%     
%}
%
%@MISC{meidensha:website,
%      AUTHOR = "Meidensha Corporation",
%      TITLE  = "OCS Inpection System for Tokyu Corporation",
%      NOTE = "\texttt{http://www.meidensha.co.jp/pages/top/index.html}",
%      YEAR = "Accessed January 2013",
%      MONTH = "",
%}
%
%@MISC{rtri:website,
%      author = "Railway Technical Research Institute (RTRI), Japan",
%      title  = "Overhead Catenary Inspection ",
%      MONTH = "Accessed January 2013",
%      NOTE = "\texttt{http://www.rtri.or.jp/eng/index.html}",
%      YEAR = {}
%}
%
%@MISC{tokyu:website,
%      AUTHOR = "Tokyu Corporation",
%      TITLE  = "Contact Wire Inpection System for Tokyu Corporation",
%      NOTE = "\texttt{http://www.tokyu.co.jp/global/index.html}",
%      YEAR = "Accessed January 2013",
%      MONTH = "",
%}
%
%@MISC{eurailscout:website,
%      AUTHOR = "Eurailscout",
%      TITLE  = "Contact Wire Measuring and Inspection System",
%      NOTE = "\texttt{http://www.eurailscout.com}",
%      YEAR = "Accessed February 2013",
%      MONTH = "",
%}
%
%@MISC{bvsys:website,
%      AUTHOR = "Bvsys system",
%      TITLE  = "Contact Wire Measuring and Inspection System (CatenaryCheck)",
%      NOTE = "\texttt{http://www.bvsys.de/index.php}",
%      YEAR = "Accessed January 2013",
%      MONTH = "",
%}
%
%@misc{Peston2010,
%  author = "Peston, Robert",
%  title  = "The Digital Economy Bill",
%  url    = "www.news.bbc.co.uk/1/hi/technology/8604602.stm",
%  year   = 2010,
%  month  = "9 April",
%  note   = "Accessed 8 February 2012",
%}
%
%@inproceedings{Lanman:2009:BYO,
% author = {Lanman, Douglas and Taubin, Gabriel},
% title = {Build your own 3D scanner: 3D photography for beginners},
% booktitle = {ACM SIGGRAPH 2009 Courses},
% series = {SIGGRAPH '09},
% year = {2009},
% location = {New Orleans, Louisiana},
% pages = {8:1--8:94},
% articleno = {8},
% numpages = {94},
% url = {http://doi.acm.org/10.1145/1667239.1667247},
% doi = {10.1145/1667239.1667247},
% acmid = {1667247},
% publisher = {ACM},
% address = {New York, NY, USA},
%} 
%
%@InProceedings{Liska00b, 
%  author     =  "Christian {Liska} and Robert {Sablatnig}", 
%  title      =  "Adaptive 3{D} Acquisition using Laser Light", 
%  booktitle  =  "Proceedings of the Czech Pattern Recognition Workshop
%                 2000", 
%  publisher  =  "Czech Pattern Recognition Society", 
%  address    =  "Praha, Czech Republic", 
%  pages      =  "111-116", 
%  editor     =  "Tomas {Svoboda}", 
%  year       =  "2000", 
%}  
%
%@InProceedings{Laurent97, 
%  author     =  "John {Laurent} and Mario {Talbot} and Michel {Doucet} ", 
%  title      =  "Road surface inspection using laser scanners adapted for the high precision 3D measurements of large flat surfaces", 
%  booktitle  =  "IEEE", 
%  year       =  "1997", 
%}  
%
%@article{Bajard:2012,
%    author = {Bajard, Alban and Aubreton, Olivier and Bokhabrine, Youssef and Verney, Benjamin and Eren, G\"{o}nen and Er\c{c}il, Ayt\"{u}l and Truchetet, Frederic},
%    citeulike-article-id = {10856095},
%    citeulike-linkout-0 = {http://dx.doi.org/10.1117/1.oe.51.6.063603},
%    day = {04},
%    doi = {10.1117/1.oe.51.6.063603},
%    journal = {Optical Engineering},
%    keywords = {3d\_measurement\_system, infrared, metal\_inspection, specular\_reflection},
%    month = jun,
%    number = {6},
%    pages = {063603-1--063603-12},
%    posted-at = {2012-07-04 13:19:07},
%    priority = {2},
%    publisher = {Society of Photo-Optical Instrumentation Engineers},
%    title = {Three-dimensional scanning of specular and diffuse metallic surfaces using an infrared technique},
%    url = {http://dx.doi.org/10.1117/1.oe.51.6.063603},
%    volume = {51},
%    year = {2012}
%}
%
%@inproceedings{Rantoson:2010,
% author = {Rantoson, Rindra and Stolz, Christophe and Fofi, David and Meriaudeau, Fabrice},
% title = {Non Contact 3D Measurement Scheme for Transparent Objects Using UV Structured light},
% booktitle = {Proceedings of the 2010 20th International Conference on Pattern Recognition},
% series = {ICPR '10},
% year = {2010},
% isbn = {978-0-7695-4109-9},
% pages = {1646--1649},
% numpages = {4},
% url = {http://dx.doi.org/10.1109/ICPR.2010.407},
% doi = {10.1109/ICPR.2010.407},
% acmid = {1906310},
% publisher = {IEEE Computer Society},
% address = {Washington, DC, USA},
% keywords = {reconstruction, transparent objects, fluorescence, UV laser},
%} 
%
%@inproceedings{bajard:2011,
%    hal_id = {hal-00635539},
%    url = {http://hal.archives-ouvertes.fr/hal-00635539},
%    title = {{3D Digitization of Metallic Specular Surfaces using Scanning from Heating Approach}},
%    author = {Bajard, Alban and Aubreton, Olivier and Eren, G{\"o}nen and Sallamand, Pierre and Truchetet, Frederic},
%    abstract = {{Because of the difficulty of dealing with specularity of several surfaces, few methods have been proposed to measure three-dimensional shapes of specular metallic objects. In this paper we present an application on this kind of material of an approach called "Scanning From Heating". This approach has been developed initially for 3D reconstruction of transparent objects. This article presents an application of the working principle of SFH method on material with high thermal conductivity.}},
%    language = {Anglais},
%    affiliation = {Laboratoire Electronique, Informatique et Image - Le2i , VPA Laboratory , Laboratoire Interdisciplinaire Carnot de Bourgogne - ICB},
%    booktitle = {{Three-Dimensional Imaging, Interaction, and Measurement}},
%    publisher = {SPIE-IS\&T},
%    pages = {786413-1},
%    address = {San Francisco, France},
%    volume = {7864},
%    audience = {internationale },
%    doi = {10.1117/12.872467 },
%    year = {2011},
%    pdf = {http://hal.archives-ouvertes.fr/hal-00635539/PDF/Version\_publiA\_e.pdf},
%}
%
%@inproceedings{Narasimhan:2005b,
% author = {Narasimhan, Srinivasa G. and Nayar, Shree K. and Sun, Bo and Koppal, Sanjeev J.},
% title = {Structured Light in Scattering Media},
% booktitle = {Proceedings of the Tenth IEEE International Conference on Computer Vision (ICCV'05) Volume 1 - Volume 01},
% series = {ICCV '05},
% year = {2005},
% isbn = {0-7695-2334-X-01},
% pages = {420--427},
% numpages = {8},
% url = {http://dx.doi.org/10.1109/ICCV.2005.232},
% doi = {10.1109/ICCV.2005.232},
% acmid = {1097677},
% publisher = {IEEE Computer Society},
% address = {Washington, DC, USA},
%} 
%
%@inproceedings{Narasimhan:2005a,
%   author = "Srinivasa G Narasimhan and S.K. Nayar",
%   title = "Structured light methods for underwater imaging: light stripe scanning and photometric stereo",
%   booktitle = "Proceedings of 2005 MTS/IEEE OCEANS",
%   pages = "2610 - 2617",
%   month = "September",
%   year = "2005",
%   volume = "3",
%}
%
%@inproceedings{Ihrke08:STAR, 
%author = {Ivo Ihrke and Kiriakos N. Kutulakos and Hendrik P. A. Lensch and Marcus Magnor and Wolfgang Heidrich},
%title = {State of the Art in Transparent and Specular Object Reconstruction},
%booktitle = {STAR Proceedings of Eurographics},
%year = 2008, 
%pages = {87--108},
%}
%
%@ARTICLE{Morel:2006,
%    author = {Olivier Morel and Christophe Stolz and Fabrice Meriaudeau and Patrick Gorria},
%    title = {Active lighting applied to 3d reconstruction of specular metallic surfaces by polarization imaging},
%    journal = {Applied Optics},
%    year = {2006},
%    volume = {45},
%    pages = {4062--4068}
%}
%
%@article{Morel:2005,
%author = {Morel, Olivier and Meriaudeau, Fabrice and Stolz, Christophe and Gorria, Patrick},
%title = {Polarization imaging applied to 3D reconstruction of specular metallic surfaces},
%volume = {},
%number = {},
%pages = {178-186},
%year = {2005},
%doi = {10.1117/12.586815},
%URL = { + http://dx.doi.org/10.1117/12.586815},
%eprint = {}
%}
%
%@inproceedings{Zhang:2006spec,
% author = {Zhang, Zhong and Ren, Shiqing and Tetsuo, Miyake and Fujiwara, Hisanaga and Imamura, Takashi},
% title = {Reducing Specular Reflection Components of Metallic Surfaces Using Photometric Linearization},
% booktitle = {Proceedings of the First International Conference on Innovative Computing, Information and Control - Volume 1},
% series = {ICICIC '06},
% year = {2006},
% isbn = {0-7695-2616-0},
% pages = {121--125},
% numpages = {5},
% url = {http://dx.doi.org/10.1109/ICICIC.2006.141},
% doi = {10.1109/ICICIC.2006.141},
% acmid = {1156713},
% publisher = {IEEE Computer Society},
% address = {Washington, DC, USA},
%} 
%
%@ARTICLE{Park:20083dmodeling,
%    author = {Johnny Park and Avinash C. Kak},
%    title = { 3D Modeling of Optically Challenging Objects},
%    journal = {IEEE TRANSACTIONS ON VISUALIZATION AND COMPUTER GRAPHICS (TVCG},
%    year = {2008},
%    pages = {246--262}
%}
%
%@inproceedings{Nehab:2008:D3R,
%  author = "Diego Nehab and Tim Weyrich and Szymon Rusinkiewicz",
%  title = "Dense {3D} Reconstruction from Specularity Consistency",
%  booktitle = "IEEE Computer Society Conference on Computer Vision and Pattern
%    Recognition (CVPR)",
%  year = "2008",
%  month = june
%}
%
%@inproceedings{Kawasaki3DPVT:2010,
%	author =	{Hiroshi Kawasaki and Ryo Furukawa and Ryusuke Sagawa and Yuya Ohta and Kazuhiro Sakashita and Ryota Zushi and Yasushi Yagi and Naoki Asada},
%	title =	{Linear solution for oneshot active 3D reconstruction using two projectors},
%	booktitle =	{In Proc. Fifth International Symposium on 3D Data Processing, Visualization and Transmission},
%	year =	{2010},
%	address =	{Paris},
%	month =	{May}
%}
%
%@INPROCEEDINGS{Kawasaki:2010b, 
%author={Furukawa, R. and Sagawa, R. and Kawasaki, H. and Sakashita, K. and Yagi, Y. and Asada, N.}, 
%booktitle={Image and Video Technology (PSIVT), 2010 Fourth Pacific-Rim Symposium on}, title={One-shot Entire Shape Acquisition Method Using Multiple Projectors and Cameras}, 
%year={2010}, 
%month={nov.}, 
%volume={}, 
%number={}, 
%pages={107 -114}, 
%keywords={Cameras;Equations;Image color analysis;Image reconstruction;Reconstruction algorithms;Shape;Three dimensional displays;cameras;image reconstruction;active scanning system;cameras;closed loop;dynamic scene capturing;entire shape;multiple projectors;one-shot scan;projector-camera system;shape acquisition method;shape reconstruction method;static pattern;3D measurement;3D scanner;active sensing;dynamic scene capturing;entire shape aquisition;projector-camera system;structured light;}, 
%doi={10.1109/PSIVT.2010.25}, 
%ISSN={},}
%
%@INPROCEEDINGS{Sakashita:2011, 
%author={Sakashita, K. and Yagi, Y. and Sagawa, R. and Furukawa, R. and Kawasaki, H.}, 
%booktitle={3D Imaging, Modeling, Processing, Visualization and Transmission (3DIMPVT), 2011 International Conference on}, title={A System for Capturing Textured 3D Shapes Based on One-Shot Grid Pattern with Multi-band Camera and Infrared Projector}, 
%year={2011}, 
%month={may}, 
%volume={}, 
%number={}, 
%pages={49 -56}, 
%keywords={Cameras;Image color analysis;Image reconstruction;Image sensors;Lenses;Shape;Three dimensional displays;cameras;image colour analysis;image texture;optical projectors;fixed grid pattern;infrared light;infrared pattern projector;light wavelength;multiband camera;one-shot grid pattern;projector-camera system;structured light pattern;textured 3D shapes;visible light;}, 
%doi={10.1109/3DIMPVT.2011.61}, 
%ISSN={},}
%
%@INPROCEEDINGS{Jing_Xu:2010b, 
%author={Jing Xu and Ning Xi and Chi Zhang and Quan Shi}, 
%booktitle={Robotics and Automation (ICRA), 2010 IEEE International Conference on}, title={Real-time 3D shape measurement system based on single structure light pattern}, 
%year={2010}, 
%month={may}, 
%volume={}, 
%number={}, 
%pages={121 -126}, 
%keywords={Automotive engineering;Cameras;Coordinate measuring machines;Inspection;Real time systems;Reflective binary codes;Reflectivity;Robustness;Shape measurement;Time measurement;automatic optical inspection;cameras;computational geometry;monochromators;search problems;shape measurement;shape recognition;chessboard corner;epipolar line;high accuracy performance;monochromatic light;ordinary two dimensional pattern;real-time 3D shape measurement system;shape inspection system;single structure light pattern;},
%doi={10.1109/ROBOT.2010.5509168}, 
%ISSN={1050-4729},}
%
%@article{Jing_Xu:2013,
%title = "A simple calibration method for structured light-based 3D profile measurement",
%journal = "Optics and Laser Technology",
%volume = "48",
%number = "0",
%pages = "187 - 193",
%year = "2013",
%note = "",
%issn = "0030-3992",
%doi = "10.1016/j.optlastec.2012.09.035",
%url = "http://www.sciencedirect.com/science/article/pii/S0030399212004641",
%author = "Jing Xu and Jules Douet and Jianguo Zhao and Libin Song and Ken Chen",
%keywords = "Structured light",
%keywords = "Empirical model",
%keywords = "Calibration"
%}
%
%@article{Jing_Xu:2011,
%title = "Rapid 3D surface profile measurement of industrial parts using two-level structured light patterns",
%journal = "Optics and Lasers in Engineering",
%volume = "49",
%number = "7",
%pages = "907 - 914",
%year = "2011",
%note = "",
%issn = "0143-8166",
%doi = "10.1016/j.optlaseng.2011.02.010",
%url = "http://www.sciencedirect.com/science/article/pii/S0143816611000509",
%author = "Jing Xu and Ning Xi and Chi Zhang and Jianguo Zhao and Bingtuan Gao and Quan Shi",
%keywords = "Structured light",
%keywords = "Measurement",
%keywords = "Calibration"
%}
%
%@ARTICLE{Jing_Xu:2012optel,
%   author = {{Xu}, J. and {Liu}, S. and {Wan}, A. and {Gao}, B. and {Yi}, Q. and 
%	{Zhao}, D. and {Luo}, R. and {Chen}, K.},
%    title = "{An absolute phase technique for 3D profile measurement using four-step structured light pattern}",
%  journal = {Optics and Lasers in Engineering},
%     year = 2012,
%    month = sep,
%   volume = 50,
%    pages = {1274-1280},
%      doi = {10.1016/j.optlaseng.2012.03.009},
%   adsurl = {http://adsabs.harvard.edu/abs/2012OptLE..50.1274X},
%  adsnote = {Provided by the SAO/NASA Astrophysics Data System}
%}
%
%@article{Tian:2007a,
%title = "Surface measurement using active vision and light scattering",
%journal = "Optics and Lasers in Engineering",
%volume = "45",
%number = "1",
%pages = "131 - 139",
%year = "2007",
%note = "",
%issn = "0143-8166",
%doi = "10.1016/j.optlaseng.2006.03.005",
%url = "http://www.sciencedirect.com/science/article/pii/S0143816606000844",
%author = "Gui Yun Tian and Rong Sheng Lu and Duke Gledhill",
%keywords = "Surface measurement",
%keywords = "Active vision",
%keywords = "Light scattering",
%keywords = "Speckle pattern"
%}
%
%@ARTICLE{Lu:2007OptLE,
%   author = {{Lu}, R.-S. and {Forrest}, A.K.},
%    title = "{3D surface topography from the specular lobe of scattered light}",
%  journal = {Optics and Lasers in Engineering},
%     year = 2007,
%    month = oct,
%   volume = 45,
%    pages = {1018-1027},
%      doi = {10.1016/j.optlaseng.2007.04.008},
%   adsurl = {http://adsabs.harvard.edu/abs/2007OptLE..45.1018L},
%  adsnote = {Provided by the SAO/NASA Astrophysics Data System}
%}
%
%@ARTICLE{Zhang:2012OptLE,
%   author = {{Zhang}, X. and {Li}, Y. and {Zhu}, L.},
%    title = "{Discontinuity-preserving decoding of one-shot shape acquisition using regularized color}",
%  journal = {Optics and Lasers in Engineering},
%     year = 2012,
%    month = oct,
%   volume = 50,
%    pages = {1416-1422},
%      doi = {10.1016/j.optlaseng.2012.05.004},
%   adsurl = {http://adsabs.harvard.edu/abs/2012OptLE..50.1416Z},
%  adsnote = {Provided by the SAO/NASA Astrophysics Data System}
%}
%
%@article{Zhang:2011OptLE, 
%author = {Xu Zhang and Limin Zhu and Youfu Li}, 
%journal = {J. Opt. Soc. Am. A}, 
%keywords = {Instruments, apparatus, and components common to the sciences; Imaging systems; Instrumentation, measurement, and metrology; Optical instruments; Machine vision; Vision, color, and visual optics},
%number = {4}, 
%pages = {651--661}, 
%publisher = {OSA},
%title = {Indirect decoding edges for one-shot shape acquisition}, 
%volume = {28}, 
%month = {Apr},
%year = {2011},
%url = {http://josaa.osa.org/abstract.cfm?URI=josaa-28-4-651},
%doi = {10.1364/JOSAA.28.000651},
%}
%
%@MISC{Salvi:1998a,
%    author = {J. Salvi and J. Batlle and E. Mouaddib},
%    title = {A robust-coded pattern projection for dynamic 3D scene measurement},
%    year = {1998}
%}
%
%@article{Pages:2005,
%title = "Optimised De Bruijn patterns for one-shot shape acquisition",
%journal = "Image and Vision Computing",
%volume = "23",
%number = "8",
%pages = "707 - 720",
%year = "2005",
%note = "",
%issn = "0262-8856",
%doi = "10.1016/j.imavis.2005.05.007",
%url = "http://www.sciencedirect.com/science/article/pii/S0262885605000508",
%author = "Jordi Pag√É¬®s and Joaquim Salvi and Christophe Collewet and Josep Forest",
%keywords = "Shape acquisition",
%keywords = "Active stereo",
%keywords = "Coded structured light"
%}
%
%@article{Pribanic:2010,
% author = {Pribani\'{c}, Tomislav and Mrvo\v{s}, Sa\v{s}a and Salvi, Joaquim},
% title = {Efficient multiple phase shift patterns for dense 3D acquisition in structured light scanning},
% journal = {Image Vision Comput.},
% issue_date = {August, 2010},
% volume = {28},
% number = {8},
% month = aug,
% year = {2010},
% issn = {0262-8856},
% pages = {1255--1266},
% numpages = {12},
% url = {http://dx.doi.org/10.1016/j.imavis.2010.01.003},
% doi = {10.1016/j.imavis.2010.01.003},
% acmid = {1808792},
% publisher = {Butterworth-Heinemann},
% address = {Newton, MA, USA},
% keywords = {3D acquisition, Multiple phase shifting, Pattern projection, Phase unwrapping, Structured light},
%} 
%
%@ARTICLE{Bruno:2011IJPRS,
%   author = {{Bruno}, F. and {Bianco}, G. and {Muzzupappa}, M. and {Barone}, S. and 
%	{Razionale}, A.~V.},
%    title = "{Experimentation of structured light and stereo vision for underwater 3D reconstruction}",
%  journal = {International Journal of Photogrammetry and Remote Sensing},
%     year = 2011,
%    month = jul,
%   volume = 66,
%    pages = {508-518},
%      doi = {10.1016/j.isprsjprs.2011.02.009},
%   adsurl = {http://adsabs.harvard.edu/abs/2011IJPRS..66..508B},
%  adsnote = {Provided by the SAO/NASA Astrophysics Data System}
%}
%
%@article{Sun:2006,
%title = "Large 3D free surface measurement using a mobile coded light-based stereo vision system",
%journal = "Sensors and Actuators A: Physical",
%volume = "132",
%number = "2",
%pages = "460 - 471",
%year = "2006",
%note = "",
%issn = "0924-4247",
%doi = "10.1016/j.sna.2006.02.048",
%url = "http://www.sciencedirect.com/science/article/pii/S0924424706001944",
%author = "Junhua Sun and Guangjun Zhang and Zhenzhong Wei and Fuqiang Zhou",
%keywords = "3D free surface measurement",
%keywords = "Stereo vision",
%keywords = "Coded structured light",
%keywords = "Stereo match",
%keywords = "Registration",
%keywords = "Pyramid",
%keywords = "Planar baseline target"
%}
%
%@article{Guan:2007,
% author = {Guan, Chun and Hassebrook, Laurence G. and Lau, Daniel L. and Yalla, Veeraganesh},
% title = {Near-infrared composite pattern projection for continuous motion hand-computer interaction},
% journal = {J. Vis. Comun. Image Represent.},
% issue_date = {April, 2007},
% volume = {18},
% number = {2},
% month = apr,
% year = {2007},
% issn = {1047-3203},
% pages = {141--150},
% numpages = {10},
% url = {http://dx.doi.org/10.1016/j.jvcir.2006.11.006},
% doi = {10.1016/j.jvcir.2006.11.006},
% acmid = {1234578},
% publisher = {Academic Press, Inc.},
% address = {Orlando, FL, USA},
% keywords = {3D data acquisition, Augmented reality, Human-computer interaction, Structured light, Virtual reality},
%} 
%
%@INPROCEEDINGS{Guan:2011, 
%author={Guan Congrong and Jin Weiqi and Yu Xiaoyang and Wu Haibin}, 
%booktitle={Instrumentation, Measurement, Computer, Communication and Control, 2011 First International Conference on}, title={Sub-pixel Detection for Color Stripe Center of Coded Structured Light System}, 
%year={2011}, 
%month={oct.}, 
%volume={}, 
%number={}, 
%pages={66 -69}, 
%keywords={Gravity;Image color analysis;Image reconstruction;Reflection;Reflective binary codes;Surface reconstruction;Three dimensional displays;Gray codes;computerised instrumentation;image coding;image colour analysis;image reconstruction;measurement systems;object detection;3D measurement system;Gray gravity method;coded structured light system;color Gray code;color component gravity method;color stripe center detection;color stripe images;green stripe centers;object surface reconstruction;relative measurement error;sub-pixel detection;system measurement precision;color code center;normalization;structured light;sub-pixel;}, 
%doi={10.1109/IMCCC.2011.26}, 
%ISSN={},}
%
%@INPROCEEDINGS{Ulusoy:2009, 
%author={Ulusoy, A.O. and Calakli, F. and Taubin, G.}, 
%booktitle={Computer Vision Workshops (ICCV Workshops), 2009 IEEE 12th International Conference on}, title={One-shot scanning using De Bruijn spaced grids}, 
%year={2009}, 
%month={27 2009-oct. 4}, 
%volume={}, 
%number={}, 
%pages={1786 -1792}, 
%keywords={Cameras;Colored noise;Computer vision;Conferences;Image processing;Image reconstruction;Layout;Lighting;Robustness;Shape;geometry;image reconstruction;image resolution;image sequences;shape recognition;video signal processing;3D scene;De Bruijn spaced grids;active illumination;dynamic 3D object shape reconstruction;geometric constraint;illuminated scene;one-shot property;one-shot scanning;pattern grid point;space resolution;static grid pattern;video frame;video sequence;}, 
%doi={10.1109/ICCVW.2009.5457499}, 
%ISSN={},}
%
%@INPROCEEDINGS{Ulusoy:2010, 
%author={Ulusoy, A.O. and Calakli, F. and Taubin, G.}, 
%booktitle={Computer Vision and Pattern Recognition Workshops (CVPRW), 2010 IEEE Computer Society Conference on}, title={Robust one-shot 3D scanning using loopy belief propagation}, 
%year={2010}, 
%month={june}, 
%volume={}, 
%number={}, 
%pages={15 -22}, 
%keywords={Application software;Belief propagation;Cameras;Computer vision;Graphical models;Image reconstruction;Laser beams;Layout;Robustness;Shape;belief maintenance;computational geometry;image reconstruction;image scanners;solid modelling;3D scanning;camera image;grid stripe image;loopy belief propagation;nondeterministic geometric constraint;structured-light technique;three-dimensional shape acquisition;}, 
%doi={10.1109/CVPRW.2010.5543556}, 
%ISSN={2160-7508},}
%
%@INPROCEEDINGS{And:1998,
%    author = {Hamdan Hemayed And and H. M. Hamdan and E. E. Hemayed and A. A. Farag},
%    title = {A Fast 3D Object Reconstruction Using Trinocular Vision and Structured Light},
%    booktitle = {in Proc. of SPIE, Intelligent Robots and Computer Vision XVII: Algorithms, Techniques, and Active Vision,Boston},
%    year = {1998},
%    pages = {444--454}
%}
%
%@INPROCEEDINGS{Furukawa:2005, 
%author={Furukawa, R. and Kawasaki, H.}, 
%booktitle={3-D Digital Imaging and Modeling, 2005. 3DIM 2005. Fifth International Conference on}, title={Uncalibrated multiple image stereo system with arbitrarily movable camera and projector for wide range scanning}, 
%year={2005}, 
%month={june}, 
%volume={}, 
%number={}, 
%pages={ 302 - 309}, 
%keywords={Calibration;Cameras;Digital images;Image reconstruction;Layout;Robustness;Shape;Stereo image processing; cameras; image reconstruction; stereo image processing; coded structured light; movable camera; uncalibrated multiimage 3D reconstruction; uncalibrated multiple image stereo system; wide range scanning;}, 
%doi={10.1109/3DIM.2005.80}, 
%ISSN={1550-6185},}
%
%@INPROCEEDINGS{Fofi:2001, 
%author={Fofi, D. and Salvi, J. and Mouaddib, E.M.}, 
%booktitle={Robotics and Automation, 2001. Proceedings 2001 ICRA. IEEE International Conference on}, title={Uncalibrated vision based on structured light}, 
%year={2001}, 
%month={}, 
%volume={4}, 
%number={}, 
%pages={ 3548 - 3553 vol.4}, 
%keywords={Calibration;Cameras;Geometry;Image reconstruction;Layout;Mobile robots;Reconstruction algorithms;Robot sensing systems;Robot vision systems;Testing; image reconstruction; mobile robots; robot vision; mobile robotics; robotic autonomy; structured light; three-dimensional structure; uncalibrated Euclidean environment reconstruction; uncalibrated vision; visual adaptation;}, 
%doi={10.1109/ROBOT.2001.933167}, 
%ISSN={1050-4729},}
%
%@article{Konig:2008,
% author = {Konig, Soren and Gumhold, Stefan},
% title = {Image\&\#45;based motion compensation for structured light scanning of dynamic surfaces},
% journal = {Int. J. Intell. Syst. Technol. Appl.},
% issue_date = {November 2008},
% volume = {5},
% number = {3/4},
% month = nov,
% year = {2008},
% issn = {1740-8865},
% pages = {434--441},
% numpages = {8},
% url = {http://dx.doi.org/10.1504/IJISTA.2008.021306},
% doi = {10.1504/IJISTA.2008.021306},
% acmid = {1462110},
% publisher = {Inderscience Publishers},
% address = {Inderscience Publishers, Geneva, SWITZERLAND},
% keywords = {3D scanning, dynamic surfaces, motion compensation, optical flow, pattern motion, range scanning, structured light scanning, surface reconstruction},
%} 
%
%@inproceedings{Taguchi:2012,
% author = {Taguchi, Yuichi and Agrawal, Amit and Tuzel, Oncel},
% title = {Motion-aware structured light using spatio-temporal decodable patterns},
% booktitle = {Proceedings of the 12th European conference on Computer Vision - Volume Part V},
% series = {ECCV'12},
% year = {2012},
% isbn = {978-3-642-33714-7},
% location = {Florence, Italy},
% pages = {832--845},
% numpages = {14},
% url = {http://dx.doi.org/10.1007/978-3-642-33715-4_60},
% doi = {10.1007/978-3-642-33715-4_60},
% acmid = {2403202},
% publisher = {Springer-Verlag},
% address = {Berlin, Heidelberg},
% keywords = {adaptive window matching, motion-aware 3D reconstruction, spatio-temporal decoding, structured light},
%} 
%
%@INPROCEEDINGS{Weise:2007, 
%author={Weise, T. and Leibe, B. and Van Gool, L.}, 
%booktitle={Computer Vision and Pattern Recognition, 2007. CVPR '07. IEEE Conference on}, title={Fast 3D Scanning with Automatic Motion Compensation}, 
%year={2007}, 
%month={june}, 
%volume={}, 
%number={}, 
%pages={1 -8}, 
%keywords={Cameras;Closed-form solution;Image reconstruction;Layout;Motion compensation;Real time systems;Robustness;Stereo vision;Surface reconstruction;Surface texture;image resolution;image scanners;lighting;motion compensation;3D scanning system;active illumination;automatic motion compensation;phase discontinuity problem;pixel level;scene reconstruction;stereo illumination;}, 
%doi={10.1109/CVPR.2007.383291}, 
%ISSN={1063-6919},}
%
%@article{Salvi:2010profil,
%title = "A state of the art in structured light patterns for surface profilometry",
%journal = "Pattern Recognition",
%volume = "43",
%number = "8",
%pages = "2666 - 2680",
%year = "2010",
%note = "",
%issn = "0031-3203",
%doi = "10.1016/j.patcog.2010.03.004",
%url = "http://www.sciencedirect.com/science/article/pii/S003132031000124X",
%author = "Joaquim Salvi and Sergio Fernandez and Tomislav Pribanic and Xavier Llado",
%keywords = "Coded patterns",
%keywords = "Pattern projection",
%keywords = "Structured light",
%keywords = "Fourier transform profilometry",
%keywords = "3D measuring devices",
%keywords = "Active stereo",
%keywords = "Computer vision"
%}
%
%@INPROCEEDINGS{zhang:2003cvpr-stereo,
%	AUTHOR		= {Li Zhang and Brian Curless and Steven M. Seitz},
%	TITLE		= {Spacetime Stereo: Shape Recovery for Dynamic Scenes},
%	BOOKTITLE       = {IEEE Computer Society Conference on Computer Vision and Pattern Recognition},
%	YEAR		= {2003},
%	MONTH		= {June},
%	PAGES		= {367-374},
%	LOCATION	= {Madison, WI},
%}
%
%@article{Koninckx:2006a,
% author = {Koninckx, Thomas P. and Van Gool, Luc},
% title = {Real-Time Range Acquisition by Adaptive Structured Light},
% journal = {IEEE Trans. Pattern Anal. Mach. Intell.},
% issue_date = {March 2006},
% volume = {28},
% number = {3},
% month = mar,
% year = {2006},
% issn = {0162-8828},
% pages = {432--445},
% numpages = {14},
% url = {http://dx.doi.org/10.1109/TPAMI.2006.62},
% doi = {10.1109/TPAMI.2006.62},
% acmid = {1110767},
% publisher = {IEEE Computer Society},
% address = {Washington, DC, USA},
% keywords = {Index Terms- Imaging geometry, Index Terms- Imaging geometry, depth cues, range data, shape, real-time systems., depth cues, range data, real-time systems., shape},
%} 
%
%@INPROCEEDINGS{Koninckx:2004a, 
%author={Koninckx, T.P. and Geys, I. and Jaeggli, T. and Van Gool, L.}, 
%booktitle={3D Data Processing, Visualization and Transmission, 2004. 3DPVT 2004. Proceedings. 2nd International Symposium on}, title={A graph cut based adaptive structured light approach for real-time range acquisition}, 
%year={2004}, 
%month={sept.}, 
%volume={}, 
%number={}, 
%pages={ 413 - 421}, 
%keywords={Costs;Cultural differences;Hardware;Image reconstruction;Labeling;Layout;Lighting;Prototypes;Robustness;Uncertainty; computational geometry; data acquisition; graph theory; image colour analysis; image reconstruction; image resolution; lighting; real-time systems; rendering (computer graphics); spatiotemporal phenomena; tracking; adaptive structured light approach; dense range maps; geometric pattern coding; graph cut; image reconstruction; light illumination; real-time range acquisition; sparse color coding;}, 
%doi={10.1109/TDPVT.2004.1335268}, 
%ISSN={},}
%
%@INPROCEEDINGS{Koninckx:2005a, 
%author={Koninckx, T.P. and Peers, P. and Dutre, P. and Van Gool, L.}, 
%booktitle={Computer Vision and Pattern Recognition, 2005. CVPR 2005. IEEE Computer Society Conference on}, title={Scene-adapted structured light}, 
%year={2005}, 
%month={june}, 
%volume={2}, 
%number={}, 
%pages={ 611 - 618 vol. 2}, 
%keywords={Cameras;Computer science;Costs;Geometry;Image sampling;Layout;Pixel;Reflectivity;Robustness;Shape; computational geometry; image reconstruction; natural scenes; 3D acquisition method; projected pattern; reflectance characteristics; scene geometry; scene-adapted structured light; specularity problem;}, 
%doi={10.1109/CVPR.2005.311}, 
%ISSN={1063-6919},}
%
%@INPROCEEDINGS{Li:2006LSCA, 
%author={Hao Li and Straub, R. and Prautzsch, H.}, 
%booktitle={3D Data Processing, Visualization, and Transmission, Third International Symposium on}, title={Structured Light Based Reconstruction under Local Spatial Coherence Assumption}, 
%year={2006}, 
%month={june}, 
%volume={}, 
%number={}, 
%pages={575 -582}, 
%keywords={Anisotropic magnetoresistance;Frequency;Layout;Manifolds;Noise robustness;Optical reflection;Sampling methods;Shape;Spatial coherence;Surface reconstruction;image reconstruction;video signal processing;3D scanning techniques;color stripe patterns;local spatial coherence assumption;minimalistic projector-camera system;multiple projections;robust correspondence algorithm;stripe sequences;structured light based reconstruction;surface reconstruction;topologically consistent manifold surface recovery;}, 
%doi={10.1109/3DPVT.2006.132}, 
%ISSN={},}
%
%@MISC{Xu_high-resolutionmodeling,
%    author = {Yi Xu and Daniel G. Aliaga},
%    title = {High-Resolution Modeling of Moving and Deforming Objects Using Sparse Geometric and Dense Photometric Measurements},
%    year = {}
%}
%
%@INPROCEEDINGS{Goodarzi:2007, 
%author={Goodarzi, F. and Shokouhi, S.B.}, 
%booktitle={Information, Communications Signal Processing, 2007 6th International Conference on}, title={Solving the correspondence problem and 3D reconstruction for coded structured-light system}, 
%year={2007}, 
%month={dec.}, 
%volume={}, 
%number={}, 
%pages={1 -5}, 
%keywords={Calibration;Cameras;Color;Graph theory;Mechatronics;Mesh generation;Neural networks;Optical propagation;Printing;Prototypes;backpropagation;image colour analysis;image reconstruction;neural nets;3D reconstruction;De Bruijn sequences;backpropagation neural network;coded structured-light system;color correction;color grid pattern;scanning system;spatial neighborhood coding;Calibration;Color coding;Color correction;Correspondence;De Bruijn sequences;Structured light;}, 
%doi={10.1109/ICICS.2007.4449862}, 
%ISSN={},}
%
%@INPROCEEDINGS{Fechteler:2008, 
%author={Fechteler, P. and Eisert, P.}, 
%booktitle={Computer Vision and Pattern Recognition Workshops, 2008. CVPRW '08. IEEE Computer Society Conference on}, title={Adaptive color classification for structured light systems}, 
%year={2008}, 
%month={june}, 
%volume={}, 
%number={}, 
%pages={1 -7}, 
%keywords={Cameras;Face detection;Hardware;Image processing;Layout;Lighting;Reflectivity;Robustness;Stereo vision;Surface texture;crosstalk;face recognition;image classification;image colour analysis;3D face scanner;CCD sensor data;adaptive color classification;color cross-talk;high accuracy 3D models;structured light systems;}, 
%doi={10.1109/CVPRW.2008.4563048}, 
%ISSN={2160-7508},}
%
%@INPROCEEDINGS{Xu:2009windshield, 
%author={Jing Xu and Ning Xi and Chi Zhang and Quan Shi}, 
%booktitle={Intelligent Robots and Systems, 2009. IROS 2009. IEEE/RSJ International Conference on}, title={Windshield shape inspection using structured light patterns from two diffuse planar light sources}, 
%year={2009}, 
%month={oct.}, 
%volume={}, 
%number={}, 
%pages={721 -726}, 
%keywords={Automotive components;Calibration;Cameras;Inspection;Light sources;Optical distortion;Optical reflection;Position measurement;Shape measurement;Surface reconstruction;automatic optical inspection;automotive components;production engineering computing;shape measurement;camera calibration;diffuse planar light sources;optical parameters inspection system;reflection vector;shape inspection;structured light patterns;windshield;}, 
%doi={10.1109/IROS.2009.5354273}, 
%ISSN={},}
%
%@INPROCEEDINGS{Pan:2010, 
%author={Bei Pan and Qiu Guan and Xin Wang and Chen, S.Y.}, 
%booktitle={Pattern Recognition (CCPR), 2010 Chinese Conference on}, title={Strategies of Real-Time 3D Reconstruction by Structured Light}, 
%year={2010}, 
%month={oct.}, 
%volume={}, 
%number={}, 
%pages={1 -5}, 
%keywords={Encoding;Image color analysis;Image reconstruction;Real time systems;Shape;Surface reconstruction;Three dimensional displays;image reconstruction;real-time systems;coded structured light;objects surface reconstruction;real time 3D reconstruction;three dimensional object contour surface reconstruction;}, 
%doi={10.1109/CCPR.2010.5659126}, 
%ISSN={},}
%
%@INPROCEEDINGS{Maurice:2011, 
%author={Maurice, X. and Graebling, P. and Doignon, C.}, 
%booktitle={Robotics and Automation (ICRA), 2011 IEEE International Conference on}, title={Epipolar based structured light pattern design for 3-D reconstruction of moving surfaces}, 
%year={2011}, 
%month={may}, 
%volume={}, 
%number={}, 
%pages={5301 -5308}, 
%keywords={Cameras;Encoding;Geometry;Hamming distance;Robustness;Shape;Three dimensional displays;Gray codes;Hamming codes;grey systems;image coding;image matching;image texture;lightning;path planning;robot vision;Hamming distance;SL neighbourhood scheme;autonomous navigation;coded structured lighting;epipolar based structured light pattern design;epipolar geometry;feature codeword;grey levels coding;pattern coding;pattern design;real time 3-D moving surface reconstruction;reoriented features;robust matching technique;spectral harmful effects;}, 
%doi={10.1109/ICRA.2011.5979582}, 
%ISSN={1050-4729},}
%
%@INPROCEEDINGS{Qimeng:2011, 
%author={Tan Qimeng and Lu Naiguang and Lou Xiaoping and Yan Bixi and Lin Yimin}, 
%booktitle={Electronic Measurement Instruments (ICEMI), 2011 10th International Conference on}, title={3D shape acquisition of moving object based on structured light}, 
%year={2011}, 
%month={aug.}, 
%volume={3}, 
%number={}, 
%pages={167 -172}, 
%keywords={Cameras;Encoding;Gratings;Image color analysis;Shape;Shape measurement;Three dimensional displays;shape measurement;stereo image processing;3D shape acquisition;3D shape measurement;FTP;image acquisition;moving object;phase shifting method;spacetime stereo;spatial encoding;structured light;3D shape acquisition of moving object;FTP;phase shifting method;spacetime stereo;spatial encoding;structured light;}, 
%doi={10.1109/ICEMI.2011.6037880}, 
%ISSN={},}
%
%@book{Je:2004book,
%author = {Changsoo Je and Sang Wook Lee and Rae-hong Park},
%title = {{High-Contrast Color-Stripe Pattern for Rapid Structured-Light Range Imaging}},
%booktitle = {European Conference on Computer Vision},
%year = {2004},
%pages = {95--107},
%doi = {10.1007/978-3-540-24670-1_8},
%masid = {509901}
%}
%
%@INPROCEEDINGS{Aliaga:2008CVPR, 
%author={Aliaga, D.G. and Yi Xu}, 
%booktitle={Computer Vision and Pattern Recognition, 2008. CVPR 2008. IEEE Conference on}, title={Photogeometric structured light: A self-calibrating and multi-viewpoint framework for accurate 3D modeling},
%year={2008}, 
%month={june}, 
%volume={}, 
%number={}, 
%pages={1 -8}, 
%keywords={Cameras;Computer science;Hardware;Image reconstruction;Photography;Photometry;Reflectivity;Robustness;Solid modeling;Surface reconstruction;calibration;geometry;image reconstruction;solid modelling;3D modeling;3D reconstruction;cameras;multiviewpoint framework;photogeometric structured light;projectors;self-calibrating framework;}, 
%doi={10.1109/CVPR.2008.4587709}, 
%ISSN={1063-6919},}
%
%@article{Liu:2010aa, 
%author = {Kai Liu and Yongchang Wang and Daniel L. Lau and Qi Hao and Laurence G. Hassebrook}, 
%journal = {Opt. Express}, 
%keywords = {Three-dimensional image acquisition; Range finding; Three-dimensional sensing; Machine vision optics ; Algorithms},
%number = {5}, 
%pages = {5229--5244}, 
%publisher = {OSA},
%title = {Dual-frequency pattern scheme for high-speed 3-D shape measurement}, 
%volume = {18}, 
%month = {Mar},
%year = {2010},
%url = {http://www.opticsexpress.org/abstract.cfm?URI=oe-18-5-5229},
%doi = {10.1364/OE.18.005229},
%abstract = {},
%}
%
%@article{Lau:2010aa, 
%author = {Daniel L. Lau and Kai Liu and Laurence G. Hassebrook}, 
%journal = {Opt. Lett.}, 
%keywords = {Three-dimensional image acquisition; Three-dimensional sensing},
%number = {14}, 
%pages = {2487--2489}, 
%publisher = {OSA},
%title = {Real-time three-dimensional shape measurement of moving objects without edge errors by time-synchronized structured illumination}, 
%volume = {35}, 
%month = {Jul},
%year = {2010},
%url = {http://ol.osa.org/abstract.cfm?URI=ol-35-14-2487},
%doi = {10.1364/OL.35.002487},
%abstract = {},
%}
%
%@article{Wang:2010aa, 
%author = {Yongchang Wang and Kai Liu and Daniel L. Lau and Qi Hao and Laurence G. Hassebrook}, 
%journal = {J. Opt. Soc. Am. A}, 
%keywords = {Three-dimensional image acquisition; Range finding; Three-dimensional sensing; Illumination design ; Illumination design},
%number = {9}, 
%pages = {1962--1971}, 
%publisher = {OSA},
%title = {Maximum SNR pattern strategy for phase shifting methods in structured light illumination}, 
%volume = {27}, 
%month = {Sep},
%year = {2010},
%url = {http://josaa.osa.org/abstract.cfm?URI=josaa-27-9-1962},
%doi = {10.1364/JOSAA.27.001962},
%abstract = {},
%}
%
%@inproceedings{Narasimhan:2008,
% author = {Narasimhan, Srinivasa G. and Koppal, Sanjeev J. and Yamazaki, Shuntaro},
% title = {Temporal Dithering of Illumination for Fast Active Vision},
% booktitle = {Proceedings of the 10th European Conference on Computer Vision: Part IV},
% series = {ECCV '08},
% year = {2008},
% isbn = {978-3-540-88692-1},
% location = {Marseille, France},
% pages = {830--844},
% numpages = {15},
% url = {http://dx.doi.org/10.1007/978-3-540-88693-8_61},
% doi = {10.1007/978-3-540-88693-8_61},
% acmid = {1502491},
% publisher = {Springer-Verlag},
% address = {Berlin, Heidelberg},
%} 
%
%@Unpublished{IMAC-REVIEW-2009-001,
%   abstract    = { },
%   affiliation = {EPFL},
%   author      = {Gorthi, Sai Siva and Rastogi, Pramod},
%   details     = {http://infoscience.epfl.ch/record/140745},
%   documenturl = {http://infoscience.epfl.ch/record/140745/files/OLEN.pdf},
%   doi         = {10.1016/j.optlaseng.2009.09.001},
%   extra-id    = {000272430000001},
%   issn        = {0143-8166},
%   keywords    = {Fourier-Transform Profilometry; 3-Dimensional Shape
%                 Measurement; Phase-Unwrapping Algorithm; Continuous
%                 Wavelet Transform; Surface Profile Measurement; 3-D
%                 Object Shapes; Structured Light Pattern; 4-Core
%                 Optical-Fiber; Deformation Measurements; Shifting
%                 Profilometry},
%   number      = {2},
%   oai-id      = {oai:infoscience.epfl.ch:140745},
%   oai-set     = {review},
%   pages       = {133--140},
%   publisher   = {Elsevier},
%   review      = {REVIEWED},
%   status      = {PUBLISHED},
%   submitter   = {176281},
%   title       = {Fringe {P}rojection {T}echniques: {W}hither we are?},
%   unit        = {IMAC},
%   volume      = {48},
%   year        = 2010
%}
%
%@inproceedings{Shuntaro:2011,
%      title = {Hamming Color Code for Dense and Robust One-shot 3D Scanning}
%      author = {Shuntaro Yamazaki,  Akira Nukada and  Masaaki Mochimaru}
%      year={2011}
%      pages={96.1--96.9}
%      booktitle={Proceedings of the British Machine Vision Conference}
%      publisher={BMVA Press}
%      editors={Hoey, Jesse and McKenna, Stephen and Trucco, Emanuele}
%      isbn={1-901725-43-X}
%      note = {http://dx.doi.org/10.5244/C.25.96}
%}
%
%@INPROCEEDINGS{Scharstein:2003, 
%author={Scharstein, D. and Szeliski, R.}, 
%booktitle={Computer Vision and Pattern Recognition, 2003. Proceedings. 2003 IEEE Computer Society Conference on}, title={High-accuracy stereo depth maps using structured light}, 
%year={2003}, 
%month={june}, 
%volume={1}, 
%number={}, 
%pages={ I-195 - I-202 vol.1}, 
%keywords={Calibration;Digital cameras;Educational institutions;Image databases;Layout;Light sources;Lighting;Pixel;Stereo vision;Testing; cameras; computer vision; image texture; stereo image processing; disparity computation; high-accuracy stereo depth map; high-complexity stereo image pair acquisition; illumination projector; image acquisition; light source calibration; pixel-accurate correspondence information; range sensing system; registered disparity map; stereo algorithm evaluation; stereo data set; structured light;}, 
%doi={10.1109/CVPR.2003.1211354}, 
%ISSN={1063-6919},}
%
%@inproceedings{Tardif:2005MRF,
% author = {Tardif, Jean-Philippe and Roy, Sebastien},
% title = {A MRF Formulation for Coded Structured Light},
% booktitle = {Proceedings of the Fifth International Conference on 3-D Digital Imaging and Modeling},
% series = {3DIM '05},
% year = {2005},
% isbn = {0-7695-2327-7},
% pages = {22--29},
% numpages = {8},
% url = {http://dx.doi.org/10.1109/3DIM.2005.11},
% doi = {10.1109/3DIM.2005.11},
% acmid = {1068527},
% publisher = {IEEE Computer Society},
% address = {Washington, DC, USA},
%} 
%
%@article{Zhang2010ab,
%title = "Recent progresses on real-time 3D shape measurement using digital fringe projection techniques",
%journal = "Optics and Lasers in Engineering",
%volume = "48",
%number = "2",
%pages = "149 - 158",
%year = "2010",
%note = "<ce:title>Fringe Projection Techniques</ce:title>",
%issn = "0143-8166",
%doi = "10.1016/j.optlaseng.2009.03.008",
%url = "http://www.sciencedirect.com/science/article/pii/S0143816609000529",
%author = "Song Zhang",
%keywords = "Real time",
%keywords = "3D shape measurement",
%keywords = "Range scanning",
%keywords = "3D scanning",
%keywords = "Digital fringe projection",
%keywords = "Fringe analysis",
%keywords = "Optical metrology"
%}
%
%@inproceedings{Kerstein:2011,
%author = {Kerstein, T. and Laurowski, M. and Klein, P. and Weyrich M. and Roth, H. and Wahrburg, J.},
%title = {Optical 3D-Surface Reconstruction of Weak Textured Objects Based on an Approach of Disparity Stereo Inspection},
%year = {2011},
%booktitle = {International Conference on Pattern Recognition and Computer Vision (ICPRCV)},
%keywords = {automatical optical inspection, depth from structured light, stereo vision, surface reconstruction},
%location = {Amsterdam; Netherlands},
%publisher = {World Academy of Science, Engineering and Technology (WASET)},
%volume = {78},
%pages = {581-586},
%abstract = {},
%URL = {www.waset.org/journals/waset/v78/v78-149.pdf},
%language = {English}
%}
%
%@inproceedings{Rohith:2010stereo,
% author = {Rohith, M. V. and Somanath, Gowri and Kambhamettu, Chandra and Geiger, Cathleen and Finnegan, David},
% title = {Modified region growing for stereo of slant and textureless surfaces},
% booktitle = {Proceedings of the 6th international conference on Advances in visual computing - Volume Part I},
% series = {ISVC'10},
% year = {2010},
% isbn = {3-642-17288-1, 978-3-642-17288-5},
% location = {Las Vegas, NV, USA},
% pages = {666--677},
% numpages = {12},
% url = {http://dl.acm.org/citation.cfm?id=1939921.1939996},
% acmid = {1939996},
% publisher = {Springer-Verlag},
% address = {Berlin, Heidelberg},
%} 
%
%@INPROCEEDINGS{Pan:2010SPIE,
%   author = {{Pan}, X.-T. and {Zhang}, Y.-F. and {Meng}, F.},
%    title = "{Measurement of the geometric parameters of power contact wire based on binocular stereovision}",
%booktitle = {Society of Photo-Optical Instrumentation Engineers (SPIE) Conference Series},
%     year = 2010,
%   series = {Society of Photo-Optical Instrumentation Engineers (SPIE) Conference Series},
%   volume = 7656,
%    month = may,
%      doi = {10.1117/12.864235},
%   adsurl = {http://adsabs.harvard.edu/abs/2010SPIE.7656E..80P},
%  adsnote = {Provided by the SAO/NASA Astrophysics Data System}
%}
%
%@INPROCEEDINGS{Haihua:2008, 
%author={Cui, Haihua and Dai, Ning and Yuan, Tianran and Cheng, Xiaosheng and Liao, Wenhe}, 
%booktitle={Image and Signal Processing, 2008. CISP '08. Congress on}, title={Calibration Algorithm for Structured Light 3D Vision Measuring System}, 
%year={2008}, 
%month={may}, 
%volume={2}, 
%number={}, 
%pages={324 -328}, 
%keywords={Calibration;Cameras;Extraterrestrial measurements;Image reconstruction;Machine vision;Optical distortion;Robustness;Signal processing algorithms;Stereo vision;Time measurement;3-D measurement;structure light system;subpixel;substripe;system calibration;}, 
%doi={10.1109/CISP.2008.720}, 
%ISSN={},}
%
%@INPROCEEDINGS{Liu:2009calib, 
%author={Zhengzhen Liu and Tianding Chen}, 
%booktitle={Artificial Intelligence, 2009. JCAI '09. International Joint Conference on}, title={Distance Measurement System Based on Binocular Stereo Vision}, 
%year={2009}, 
%month={april}, 
%volume={}, 
%number={}, 
%pages={456 -459}, 
%keywords={Charge coupled devices;Charge-coupled image sensors;Digital signal processing;Distance measurement;Eyes;Hardware;Humans;Image edge detection;Image matching;Stereo vision;distance measurement;edge detection;image matching;stereo image processing;CCD camera;Canny edge detection;Harris corner detection;binocular stereo vision;distance measurement system;distance perception;hardware platform design;image matching;parallax principle;Edge detection;Harris corner detection;binocular stereo vision;image matching;}, 
%doi={10.1109/JCAI.2009.77}, 
%ISSN={},}
%
%@INPROCEEDINGS{Nishie:2006, 
%author={Nishie, K. and Sato, J.}, 
%booktitle={Pattern Recognition, 2006. ICPR 2006. 18th International Conference on}, title={3D Reconstruction from Uncalibrated Cameras and Uncalibrated Projectors from Shadows}, 
%year={2006}, 
%month={0-0 }, 
%volume={1}, 
%number={}, 
%pages={15 -18}, 
%keywords={Calibration;Cameras;Computer science;Design engineering;Geometry;Image reconstruction;Instruments;Man machine systems;Shape;Transmission line matrix methods;calibration;cameras;computer vision;image reconstruction;stereo image processing;3D information reconstruction;man-machine interaction systems;object shadows;projector camera systems;uncalibrated cameras;uncalibrated projectors;virtual music instruments;virtual piano;}, 
%doi={10.1109/ICPR.2006.31}, 
%ISSN={1051-4651},}
%
%@article{Maki:2002IJCV,
%year={2002},
%issn={0920-5691},
%journal={International Journal of Computer Vision},
%volume={48},
%issue={2},
%doi={10.1023/A:1016057422703},
%title={Geotensity: Combining Motion and Lighting for 3D Surface Reconstruction},
%url={http://dx.doi.org/10.1023/A%3A1016057422703},
%publisher={Kluwer Academic Publishers},
%keywords={geotensity; linear image subspaces; structure-from-motion; surface reconstruction},
%author={Maki, Atsuto and Watanabe, Mutsumi and Wiles, Charles},
%pages={75-90},
%language={English}
%}
%
%@article{Zhang:2011OptLa,
%title = "Determination of edge correspondence using color codes for one-shot shape acquisition",
%journal = "Optics and Lasers in Engineering",
%volume = "49",
%number = "1",
%pages = "97 - 103",
%year = "2011",
%note = "",
%issn = "0143-8166",
%doi = "10.1016/j.optlaseng.2010.08.013",
%url = "http://www.sciencedirect.com/science/article/pii/S0143816610001740",
%author = "Xu Zhang and Limin Zhu",
%keywords = "Structured light",
%keywords = "Decoding of color codes",
%keywords = "3D shape acquisition"
%}
%
%@inproceedings{Dangelo:2005,
% author = {d\&\#39;Angelo, P. and W\"{o}hler, C.},
% title = {3D reconstruction of metallic surfaces by photopolarimetric analysis},
% booktitle = {Proceedings of the 14th Scandinavian conference on Image Analysis},
% series = {SCIA'05},
% year = {2005},
% isbn = {3-540-26320-9, 978-3-540-26320-3},
% location = {Joensuu, Finland},
% pages = {689--698},
% numpages = {10},
% url = {http://dx.doi.org/10.1007/11499145_70},
% doi = {10.1007/11499145_70},
% acmid = {2134751},
% publisher = {Springer-Verlag},
% address = {Berlin, Heidelberg},
%} 
%
%@INPROCEEDINGS{Furukawa:2008CVPRI, 
%author={Furukawa, Y. and Ponce, J.}, 
%booktitle={Computer Vision and Pattern Recognition, 2008. CVPR 2008. IEEE Conference on}, title={Accurate camera calibration from multi-view stereo and bundle adjustment}, 
%year={2008}, 
%month={june}, 
%volume={}, 
%number={}, 
%pages={1-8}, 
%keywords={Calibration;Computer science;Digital cameras;Layout;Lenses;Nonlinear distortion;Parameter estimation;Robustness;Solid modeling;Testing;calibration;cameras;image resolution;stereo image processing;camera calibration;camera parameter estimates;geometric fidelity;high-resolution digital cameras;image-based modeling;multiview stereo-bundle adjustment;standard bundle adjustment algorithm;}, 
%doi={10.1109/CVPR.2008.4587681}, 
%ISSN={1063-6919},}
%
%@article{Fofi:2005Inv,
%author = {Fofi, David and Sliwa, Tadeusz and Voisin, Yvon},
%title = {A comparative survey on invisible structured light},
%volume = {},
%number = {},
%pages = {90-98},
%year = {2004},
%doi = {10.1117/12.525369},
%URL = { + http://dx.doi.org/10.1117/12.525369},
%eprint = {}
%}
%
%@incollection{Vogiatzis:2010,
%year={2010},
%isbn={978-3-642-12847-9},
%booktitle={Computer Vision},
%volume={285},
%series={Studies in Computational Intelligence},
%editor={Cipolla, Roberto and Battiato, Sebastiano and Farinella, GiovanniMaria},
%doi={10.1007/978-3-642-12848-6_12},
%title={Practical 3D Reconstruction Based on Photometric Stereo},
%url={http://dx.doi.org/10.1007/978-3-642-12848-6_12},
%publisher={Springer Berlin Heidelberg},
%author={Vogiatzis, George and Hern√°ndez, Carlos},
%pages={313-345}
%}
%
%@article{ZhangSong:2006,
%author = {Song Zhang and Peisen S. Huang},
%title = {{High-resolution, real-time three-dimensional shape measurement}},
%journal = {Optical Engineering},
%volume = {45},
%year = {2006},
%issue = {12},
%doi = {10.1117/1.2402128},
%masid = {4812416}
%}
%
%@inproceedings{Hall-Holt:2001:SBC,
%  author = "Olaf Hall-Holt and Szymon Rusinkiewicz",
%  title = "Stripe Boundary Codes for Real-Time Structured-Light Range
%    Scanning of Moving Objects",
%  booktitle = "Eighth International Conference on Computer Vision (ICCV)",
%  year = "2001",
%  month = jul
%}
%
%@inproceedings{Beeler:2010HSC,
% author = {Beeler, Thabo and Bickel, Bernd and Beardsley, Paul and Sumner, Bob and Gross, Markus},
% title = {High-quality single-shot capture of facial geometry},
% booktitle = {ACM SIGGRAPH 2010 papers},
% series = {SIGGRAPH '10},
% year = {2010},
% isbn = {978-1-4503-0210-4},
% location = {Los Angeles, California},
% pages = {40:1--40:9},
% articleno = {40},
% numpages = {9},
% url = {http://doi.acm.org/10.1145/1833349.1778777},
% doi = {10.1145/1833349.1778777},
% acmid = {1778777},
% publisher = {ACM},
% address = {New York, NY, USA},
%} 
%
%@INPROCEEDINGS{Feris:2005, 
%author={Feris, R. and Raskar, R. and Longbin Chen and Kar-Han Tan and Turk, M.}, 
%booktitle={Computer Vision, 2005. ICCV 2005. Tenth IEEE International Conference on}, title={Discontinuity preserving stereo with small baseline multi-flash illumination}, 
%year={2005}, 
%month={oct.}, 
%volume={1}, 
%number={}, 
%pages={ 412 - 419 Vol. 1}, 
%keywords={Cameras;Computer vision;Image edge detection;Image reconstruction;Layout;Lighting;Pixel;Reconstruction algorithms;Shape;Stereo vision; feature extraction; image reconstruction; stereo image processing; 3D reconstruction; binocular half-occluded pixel; dense correspondence algorithm; discontinuity preserving correspondence map; discontinuity preserving stereo; feature map; multiflash illumination; multiview imaging system; partial occlusion;}, 
%doi={10.1109/ICCV.2005.76}, 
%ISSN={1550-5499},}
%
%@article{Abramovich:2010,
%author = {Abramovich, Gil and Harding, Kevin and Manickam, Swaminathan and Czechowski, Joseph and Paruchuru, Vijay and Tait, Robert and Nafis, Christopher and Vemury, Arun},
%title = {Mobile, contactless, single-shot, fingerprint capture system},
%volume = {},
%number = {},
%pages = {766708-766708-12},
%year = {2010},
%doi = {10.1117/12.850708},
%URL = { + http://dx.doi.org/10.1117/12.850708},
%eprint = {}
%}
%
%@INPROCEEDINGS{Weinmann:2011superresolution,
%     author = {Weinmann, Michael and Schwartz, Christopher and Ruiters, Roland and Klein, Reinhard},
%      pages = {397--404},
%      title = {A Multi-Camera, Multi-Projector Super-Resolution Framework for Structured Light},
%  booktitle = {3D Imaging, Modeling, Processing, Visualization and Transmission (3DIMPVT), 2011 International
%               Conference on},
%       year = {2011},
%      month = may,
%  publisher = {IEEE Computer Society's Conference Publishing Services},
%   keywords = {3d digitizing and scanning, structured light, super-resolution},
%   abstract = {In this work, we present a framework for multi-camera, multi-projector object acquisition based on
%               structured light. This approach allows the reconstruction of an object without moving either the
%               object or the acquisition setup, avoiding any registration of independent measurements. To overcome
%               the resolution limitations of the individual projectors, we introduce a novel super-resolution
%               scheme. By exploiting high dynamic range imaging, we are able to handle even complicated objects,
%               exhibiting strong specularities. We show that, combined with an iterated bundle adjustment, these
%               improvements increase the accuracy of the obtained point cloud.},
%       isbn = {978-1-61284-429-9},
%        url = {http://ieeexplore.ieee.org/search/srchabstract.jsp?tp=&arnumber=5955387},
%        doi = {10.1109/3DIMPVT.2011.57}
%}
%
%@inproceedings{Espino:2012,
%  added-at = {2012-07-04T00:00:00.000+0200},
%  author = {Espino, Jos√© Guadalupe Rico and Gonzalez-Barbosa, Jos√©-Joel and Loenzo, Roberto Augusto G√≥mez and Esparza, Diana Margarita C√≥rdova and Gonzalez-Barbosa, Ricardo},
%  biburl = {http://www.bibsonomy.org/bibtex/2c2eba72d17c4982d28a95a6665d6822e/dblp},
%  booktitle = {MCPR},
%  crossref = {conf/mcpr2/2012},
%  editor = {Carrasco-Ochoa, Jes√∫s Ariel and Trinidad, Jos√© Francisco Mart√≠nez and Olvera-L√≥pez, Jos√© Arturo and Boyer, Kim L.},
%  ee = {http://dx.doi.org/10.1007/978-3-642-31149-9_13},
%  interhash = {1380d644e4a18873b2f8aa105ef4dfef},
%  intrahash = {c2eba72d17c4982d28a95a6665d6822e},
%  isbn = {978-3-642-31148-2},
%  keywords = {dblp},
%  pages = {127-136},
%  publisher = {Springer},
%  series = {Lecture Notes in Computer Science},
%  timestamp = {2012-07-04T00:00:00.000+0200},
%  title = {Vision System for 3D Reconstruction with Telecentric Lens.},
%  url = {http://dblp.uni-trier.de/db/conf/mcpr2/mcpr2012.html#EspinoGLEG12},
%  volume = 7329,
%  year = 2012
%}
%
%@article{Park:2009, 
%author = {Yoon-Chang Park and Seong-Joon Ahn and Moon-Ho Kang and Young-Chul Kwon and Seung-Joon Ahn}, 
%journal = {J. Opt. Soc. Korea}, 
%keywords = {Image processing; Imaging systems; Three-dimensional image acquisition; Instrumentation, measurement, and metrology; Surface measurements, figure},
%number = {4}, 
%pages = {464--467}, 
%publisher = {OSA},
%title = {Ultra High-speed 3-dimensional Profilometry Using a Laser Grating Projection System}, 
%volume = {13}, 
%month = {Dec},
%year = {2009},
%url = {http://www.opticsinfobase.org/josk/abstract.cfm?URI=josk-13-4-464},
%abstract = {The grating projection method with phase-shifting technique is very useful in measuring the 3-dimensional (3D) shape with high accuracy and speed. In this work, we have developed an ultra high-speed digital laser grating projection system using a high-power laser diode and a highsensitivity CMOS camera. With our system, the optical measurement required to find out the profile of a 3D object could be carried out within 2.6 ms, which is a significant (~10 times) improvement compared with those of the previous studies.},
%}
%
%@article{Koppal:2012,
% author = {Koppal, Sanjeev J. and Yamazaki, Shuntaro and Narasimhan, Srinivasa G.},
% title = {Exploiting DLP Illumination Dithering for Reconstruction and Photography of High-Speed Scenes},
% journal = {Int. J. Comput. Vision},
% issue_date = {January   2012},
% volume = {96},
% number = {1},
% month = jan,
% year = {2012},
% issn = {0920-5691},
% pages = {125--144},
% numpages = {20},
% url = {http://dx.doi.org/10.1007/s11263-011-0454-y},
% doi = {10.1007/s11263-011-0454-y},
% acmid = {2124543},
% publisher = {Kluwer Academic Publishers},
% address = {Hingham, MA, USA},
% keywords = {Active vision, DLP, DMD, High speed camera, Temporal dithering},
%} 
%
%@article{Zhang:2010super, 
%author = {Song Zhang and Daniel Van Der Weide and James Oliver}, 
%journal = {Opt. Express}, 
%keywords = {Three-dimensional image acquisition; Phase measurement; Ultrafast measurements},
%number = {9}, 
%pages = {9684--9689}, 
%publisher = {OSA},
%title = {Superfast phase-shifting method for 3-D shape measurement}, 
%volume = {18}, 
%month = {Apr},
%year = {2010},
%url = {http://www.opticsexpress.org/abstract.cfm?URI=oe-18-9-9684},
%doi = {10.1364/OE.18.009684},
%abstract = {Recently introduced DLP Discovery technology allows for tens of kHz binary image switching, which has great potential for superfast 3-D shape measurement. This paper presents a system that realizes 3-D shape measurement by using a DLP Discovery technology to switch binary structured patterns at very high frame rates. The sinusoidal fringe patterns are generated by properly defocusing the projector. Combining this approach with a phase-shifting method, we achieve an unprecedented rate for 3-D shape measurement: 667 Hz. This technology can be applied to numerous applications including medical science, biometrics, and entertainment.},
%}
%
%@article{Gong:2010ultra, 
%author = {Yuanzheng Gong and Song Zhang}, 
%journal = {Opt. Express}, 
%keywords = {Three-dimensional image acquisition; Phase measurement; Ultrafast measurements},
%number = {19}, 
%pages = {19743--19754}, 
%publisher = {OSA},
%title = {Ultrafast 3-D shape measurement with an off-the-shelf DLP projector}, 
%volume = {18}, 
%month = {Sep},
%year = {2010},
%url = {http://www.opticsexpress.org/abstract.cfm?URI=oe-18-19-19743},
%doi = {10.1364/OE.18.019743},
%abstract = {This paper presents a technique that reaches 3-D shape measurement speed beyond the digital-light-processing (DLP) projector's projection speed. In particular, a ``solid-state'' binary structured pattern is generated with each micro-mirror pixel always being at one status (ON or OFF). By this means, any time segment of projection can represent the whole signal, thus the exposure time can be shorter than the projection time. A sinusoidal fringe pattern is generated by properly defocusing a binary one, and the Fourier fringe analysis means is used for 3-D shape recovery. We have successfully reached 4,000 Hz rate (80 $\mu$s exposure time) 3-D shape measurement speed with an off-the-shelf DLP projector.},
%}
%
%@INPROCEEDINGS{Munkelt:2007, 
%author={Munkelt, C. and Schmidt, I. and Brauer-Burchardt, C. and Kuhmstedt, P. and Notni, G.}, 
%booktitle={Computer Vision and Pattern Recognition, 2007. CVPR '07. IEEE Conference on}, title={Cordless portable multi-view fringe projection system for 3D reconstruction}, 
%year={2007}, 
%month={june}, 
%volume={}, 
%number={}, 
%pages={1 -2}, 
%keywords={Battery charge measurement;Clouds;Digital cameras;Head;Image sensors;Optical sensors;Pixel;Sensor systems;Wireless LAN;Wireless sensor networks;image reconstruction;optical projectors;stereo image processing;3D reconstruction;WLAN;cordless portable multi-view fringe projection system;digital LED projector;lightweight sensor head;phase correlation based fringe projection;phasogrammetric approach;}, 
%doi={10.1109/CVPR.2007.383475}, 
%ISSN={1063-6919},}
%
%@article{Ritz:2012,
%title = "High resolution acquisition of detailed surfaces with lens-shifted structured light",
%journal = "Computers and Graphics",
%volume = "36",
%number = "1",
%pages = "16 - 27",
%year = "2012",
%note = "<ce:title>Cultural Heritage</ce:title>",
%issn = "0097-8493",
%doi = "10.1016/j.cag.2011.10.004",
%url = "http://www.sciencedirect.com/science/article/pii/S0097849311001506",
%author = "M. Ritz and F. Langguth and M. Scholz and M. Goesele and A. Stork",
%keywords = "Picture/image generation√¢‚Ç¨‚ÄùDigitizing and scanning",
%keywords = "Scene analysis√¢‚Ç¨‚ÄùRange data"
%}
%
%@article{Grosse:2011,
%author = {Grosse, Marcus and Schaffer, Martin and Harendt, Bastian and Kowarschik, Richard},
%title = {Fast data acquisition for three-dimensional shape measurement using fixed-pattern projection and temporal coding},
%journal = {Optical Engineering},
%volume = {50},
%number = {10},
%pages = {100503-100503-3},
%year = {2011},
%doi = {10.1117/1.3646100},
%URL = { + http://dx.doi.org/10.1117/1.3646100},
%eprint = {}
%}
%
%@Article{schmidt:2012dense,
%author = "Ralph {Schmidt} and Christian {Heipke} and Manfred {Wiggenhagen} and Bernd Michael {Wolf}",
%title = "Dense 3D Reconstruction of Low Texture Surfaces Using an Energy Minimization Framework with Smoothness-Based Priors",
%journal = "PFG Photogrammetrie, Fernerkundung, Geoinformation",
%month = 02,
%year = 2012,
%number = "1",
%volume = "2012",
%pages = {51-61},
%url = "http://dx.doi.org/10.1127/1432-8364/2012/0102",
%
%publisher = "Schweizerbart'sche Verlagsbuchhandlung",
%address = "Stuttgart"
%}
%
%@INPROCEEDINGS{Chang:2002SPIE,
%   author = {{Chang}, I.-C. and {Huang}, C.-L. and {Hsueh}, W.-J. and {Lin}, H.-C. and 
%	{Chen}, C.-C. and {Yeh}, Y.-H.},
%    title = "{Novel 3D handheld camera based on triaperture lens}",
%booktitle = {Society of Photo-Optical Instrumentation Engineers (SPIE) Conference Series},
%     year = 2002,
%   series = {Society of Photo-Optical Instrumentation Engineers (SPIE) Conference Series},
%   volume = 4925,
%   editor = {{Zhou}, L. and {Li}, C.-S. and {Suzuki}, Y.},
%    month = sep,
%    pages = {655-662},
%   adsurl = {http://adsabs.harvard.edu/abs/2002SPIE.4925..655C},
%  adsnote = {Provided by the SAO/NASA Astrophysics Data System}
%}
%
%@article{Chen:2003OSA, 
%author = {Yung-Sheng Chen and Bor-Tow Chen}, 
%journal = {Appl. Opt.}, 
%keywords = {Image reconstruction techniques; Three-dimensional image processing; Three-dimensional image acquisition},
%number = {11}, 
%pages = {1958--1972}, 
%publisher = {OSA},
%title = {Measuring of a Three-Dimensional Surface by Use of a Spatial Distance Computation}, 
%volume = {42}, 
%month = {Apr},
%year = {2003},
%url = {http://ao.osa.org/abstract.cfm?URI=ao-42-11-1958},
%doi = {10.1364/AO.42.001958},
%abstract = {The correspondence problem of two captured images, which are obtained by projecting a structured light on the measuring surface, are explored for when three-dimensional information of a given surface is needed. In our system the constraint that codifies the pattern projected on the surface has been simplified by using a random speckle pattern, thus the correspondence problem is reduced to local matching between two captured images and solved by a spatial distance computation technique. The performance of our approach, which includes a disparity error analysis, a search range suggestion, and a disparity gradient limit, are investigated and discussed. Some parameters, such as percentile constraint, sampling interval, and subpixel compensation proper for use in this approach are suggested. Experiments have shown the feasibility of the proposed method.},
%}
%
%@article{Garcia:2008OSA, 
%author = {Javier Garc\'{i}a and Zeev Zalevsky and Pascuala Garc\'{i}a-Mart\'{i}nez and Carlos Ferreira and Mina Teicher and Yevgeny Beiderman}, 
%journal = {Appl. Opt.}, 
%keywords = {Speckle; Three-dimensional image processing; Speckle imaging},
%number = {16}, 
%pages = {3032--3040}, 
%publisher = {OSA},
%title = {Three-dimensional mapping and range measurement by means of projected speckle patterns}, 
%volume = {47}, 
%month = {Jun},
%year = {2008},
%url = {http://ao.osa.org/abstract.cfm?URI=ao-47-16-3032},
%doi = {10.1364/AO.47.003032},
%abstract = {We present a novel approach for three-dimensional (3D) measurements that includes the projection of coherent light through ground glass. Such a projection generates random speckle patterns on the object or on the camera, depending if the configuration is transmissive or reflective. In both cases the spatially random patterns are seen by the sensor. Different spatially random patterns are generated at different planes. The patterns are highly random and not correlated. This low correlation between different patterns is used for both 3D mapping of objects and range finding.},
%}
%
%@article{Schaffer:2010OSA, 
%author = {Martin Schaffer and Marcus Grosse and Richard Kowarschik}, 
%journal = {Appl. Opt.}, 
%keywords = {Three-dimensional image acquisition; Optical inspection; Illumination},
%number = {18}, 
%pages = {3622--3629}, 
%publisher = {OSA},
%title = {High-speed pattern projection for three-dimensional shape measurement using laser speckles}, 
%volume = {49}, 
%month = {Jun},
%year = {2010},
%url = {http://ao.osa.org/abstract.cfm?URI=ao-49-18-3622},
%doi = {10.1364/AO.49.003622},
%abstract = {We propose a high-speed projection system that is able to project statistical speckle patterns at a rate of 500Hz. Its purpose is to generate structured light for a real-time photogrammetry stereo vision setup. As conventional digital light projector (DLP) projection setups are limited in their maximum projection rate to 250Hz for gray-value patterns, stripe projection systems are usually applied for real-time three-dimensional (3D) measurements. However, these techniques can only be used on steady surfaces as phase unwrapping has to be done. In contrast, the proposed setup is able to measure the shape of multiple spatially separated objects at once. We compare the speckle setup with a system using a DLP projector and with other fast 3D shape measurement setups, like the widely used stripe projection methods, qualitatively and quantitatively.},
%}
%
%@article{Sefel:2011, 
%author = {Rich\'{a}rd S\'{e}fel and J\'{a}nos Kornis}, 
%journal = {Appl. Opt.}, 
%keywords = {Holographic optical elements; Nondestructive testing; Phase measurement; Speckle interferometry; Vibration analysis},
%number = {23}, 
%pages = {4642--4647}, 
%publisher = {OSA},
%title = {Double-exposure phase calculation method in electronic speckle pattern interferometry based on holographic object illumination}, 
%volume = {50}, 
%month = {Aug},
%year = {2011},
%url = {http://ao.osa.org/abstract.cfm?URI=ao-50-23-4642},
%doi = {10.1364/AO.50.004642},
%abstract = {Multiple-exposure phase calculation procedures are widely used in electronic speckle pattern interferometry to calculate phase maps of displacements. We developed a double-exposure process based on holographic illumination of the object and the idea of the spatial carrier phase-shifting method to examine transient displacements. In our work, computer-generated holograms and a spatial light modulator were used to generate proper coherent illuminating masks. In this adjustment all phase-shifted states were at our disposal from one recorded speckle image for phase calculation. This technique can be used in the large scale of transient measurements. In this paper we illustrate the principle through several examples.},
%}
%
%@article{Wang:2013, 
%author = {Guijin Wang and Xuanwu Yin and Xiaokang Pei and Chenbo Shi}, 
%journal = {Appl. Opt.}, 
%keywords = {Three-dimensional sensing; Vision - binocular and stereopsis},
%number = {3}, 
%pages = {516--524}, 
%publisher = {OSA},
%title = {Depth estimation for speckle projection system using progressive reliable points growing matching}, 
%volume = {52}, 
%month = {Jan},
%year = {2013},
%url = {http://ao.osa.org/abstract.cfm?URI=ao-52-3-516},
%doi = {10.1364/AO.52.000516},
%abstract = {In this paper, we propose a progressive reliable points growing matching scheme to estimate the depth from the speckle projection image. First a self-adapting binarization is introduced to reduce the influence of inconsistent intensity. Then we apply local window-based correlation matching to get the initial disparity map. After the initialization, we formulate a progressive updating scheme to update the disparity estimation. There are two main steps in each round of updation. At first new reliable points are progressively selected based on three aspects of criterion including matching degree, confidence, and left\&\#x2013;right consistency; then prediction-based growing matching is adopted to recalculate the disparity map from the reliable points. Finally, the more accurate depth map can be obtained by subpixel interpolation and transformation. The experimental results well demonstrate the effectiveness and low computational cost of our scheme.},
%}
%
%@article{Muquit:2006HPM,
% author = {Muquit, Mohammad Abdul and Shibahara, Takuma and Aoki, Takafumi},
% title = {A High-Accuracy Passive 3D Measurement System Using Phase-Based Image Matching},
% journal = {IEICE Trans. Fundam. Electron. Commun. Comput. Sci.},
% issue_date = {March 2006},
% volume = {E89-A},
% number = {3},
% month = mar,
% year = {2006},
% issn = {0916-8508},
% pages = {686--697},
% numpages = {12},
% url = {http://dx.doi.org/10.1093/ietfec/e89-a.3.686},
% doi = {10.1093/ietfec/e89-a.3.686},
% acmid = {1184612},
% publisher = {Oxford University Press},
% address = {Oxford, UK},
% keywords = {3D measurement, stereo vision, phase-based image matching, phase-only correlation, outlier detection},
%} 
%
%@article{Grosse:2010Macro, 
%author = {Marcus Grosse and Johannes Buehl and Holger Babovsky and Armin Kiessling and Richard Kowarschik}, 
%journal = {Opt. Lett.}, 
%keywords = {Three-dimensional sensing; Digital holography ; Optical sensing and sensors},
%number = {8}, 
%pages = {1233--1235}, 
%publisher = {OSA},
%title = {3D shape measurement of macroscopic objects in digital off-axis holography using structured illumination}, 
%volume = {35}, 
%month = {Apr},
%year = {2010},
%url = {http://ol.osa.org/abstract.cfm?URI=ol-35-8-1233},
%doi = {10.1364/OL.35.001233},
%abstract = {We propose what we believe to be a novel approach to measure the 3D shape of arbitrary diffuse-reflecting macroscopic objects in holographic setups. Using a standard holographic setup, a second CCD and a liquid-crystal-on-silicon spatial light modulator to modulate the object wave, the method yields a dense 3D point cloud of an object or a scene. The calibration process is presented, and first quantitative results of a shape measurement are shown and discussed. Furthermore, a shape measurement of a complex object is displayed to demonstrate its universal use.},
%}
%
%@article{Pohl:1996, 
%author = {P.Pohl}, 
%journal = {}, 
%number = {N 7}, 
%pages = {32--35}, 
%publisher = {OSA},
%title = {3Der Hagener Video-Messtriebwagen}, 
%volume = {(47)}, 
%month = {Apr},
%year = {1996},
%abstract = {},
%}
%
%@article{doi:10.1001/archopht.1933.00830010906018,
%author = {Pascal JI},
%title = {MIrrors, prisms and lenses.},
%journal = {Archives of Ophthalmology},
%volume = {9},
%number = {5},
%pages = {883-884},
%year = {1933},
%doi = {10.1001/archopht.1933.00830010906018},
%URL = { + http://dx.doi.org/10.1001/archopht.1933.00830010906018},
%eprint = {/data/Journals/OPHTH/16994/archopht_9_5_018.pdf}
%}
%
%
%
%
%
%
